2872 4784
254 297 330 374 eto
552 269 780 370 'urcauuoar
808 293 1038 366 omooaau

218 471 314 540 ιτοῦ
344 463 405 550 γόρ
429 465 623 547 ἐρεθίζοντος
652 467 708 528 καί
728 460 836 547 μάχην
870 464 993 528 ἐκεῖθεν
1014 453 1186 524 ἀντίπαλον
1204 458 1351 523 α’νιττοόν-
1419 529 1420 554 ρ

255 591 309 646 τος
333 567 390 632 oda
428 559 516 642 όντος
546 563 580 631 όν
603 567 786 653 ὀφθαλμοῖς
815 562 904 646 ήμῶν
936 564 1076 650 α’φανείρ
1098 561 1350 640 κεκαλυμμέναι,

248 669 442 753 Κααιίσεσθας
460 667 494 734 τό
518 664 689 750 νεμόμενον
712 669 767 750 τής
789 665 865 728 καθ’
892 663 983 748 ἡμῶν
1003 667 1115 736 κακίας
1136 661 1258 750 ρι’ήθην.
1280 653 1351 722 ὅθεν

254 769 364 852 ἐπειδή
384 776 449 844 τοῖς
480 763 589 845 ἄλλοις
617 767 832 852 παραινοῦντί
851 788 905 846 μοι
930 785 1006 838 τους
1027 766 1237 842 πειθομένους
1258 755 1352 844 ἥκιστ’

252 867 341 955 ἔχειν
362 873 458 957 ε’νήν,
493 869 529 937 τό
558 880 625 938 κατ’
658 869 796 952 ἐμαυτόν
825 872 951 936 ἐποίουν
981 867 1090 947 αότός.
1133 866 1278 952 θόρυβον
1297 871 1373 950 plat

253 971 315 1057 γόρ
338 970 370 1052 ἐξ
392 973 519 1058 εἰρήνης
552 970 664 1061 ῥᾴδιον
696 973 749 1037 καί
782 981 847 1048 τοῖς
881 968 1091 1058 φαυλοτάτοις
1115 970 1170 1034 κατ’
1191 969 1353 1052 βάναυσον

253 1064 369 1156 ἄγουσι
390 1073 460 1154 βιόν
482 1083 595 1152 ποιεῖν,
614 1071 648 1138 ἐκ
672 1077 707 1139 δέ
722 1075 873 1158 θορύβων
893 1074 1022 1158 εἰρήνην
1045 1066 1122 1136 ου’δέ
1139 1080 1205 1146 τοῖς
1226 1071 1353 1154 σφόδρα

255 1182 394 1250 σννετοῖς
426 1175 514 1256 μάλα
543 1199 573 1240 τι
601 1169 725 1240 εὔοδον.
782 1173 818 1238 τό
849 1178 909 1257 μέν
940 1176 1001 1256 γάρ
1033 1171 1206 1262 αι’τσνομίηι
1228 1173 1354 1259 φόοεας

257 1269 376 1359 ἄγεται,
399 1271 417 1358 ή
444 1277 479 1340 δέ
499 1272 597 1360 φόσις
619 1267 752 1340 ότακτον
773 1279 828 1338 καί
848 1273 1015 1354 α’νιόμαλον
1036 1271 1241 1358 ὡμολόγηται
1265 1267 1353 1338 εἶναι·

255 1374 289 1447 τό
312 1380 347 1442 δέ
384 1377 514 1465 παιόείρι
543 1378 597 1440 καί
618 1381 744 1441 συνέσει
765 1379 999 1463 βεβουλευμένῃ
1031 1378 1085 1440 κατ’
1104 1375 1253 1460 σοόφρσσι
1273 1381 1388 1457 loys-10

252 1487 347 1560 σμοῖς
369 1479 550 1556 οἰακίζεται.
593 1470 669 1541 ὅθεν
691 1477 726 1542 τό
748 1482 808 1559 μὲν
830 1477 884 1541 καί
898 1474 954 1551 τός
973 1476 1031 1540 οόκ
1048 1469 1146 1550 υόσας
1161 1473 1354 1540 ἀναπλάττει

254 1579 443 1666 προφάσεις,
467 1579 583 1664 ἐφόδια
605 1581 735 1662 παρέξον
758 1587 827 1655 ταῖς
850 1577 992 1661 μα’χαις·
1035 1576 1071 1640 τό
1095 1579 1130 1642 δέ
1151 1575 1207 1640 καί
1227 1569 1356 1651 τὰςοό-
1420 1627 1421 1632 1

255 1707 315 1759 σας
339 1677 497 1762 ἐκτέμνειν
519 1681 678 1764 πειρᾶται,
701 1679 848 1763 καθάπερ
872 1677 980 1763 ἰατρός
1004 1679 1063 1762 πρὸ
1084 1681 1141 1761 τῆς
1160 1680 1305 1762 βλάστης
1324 1680 1355 1743 ἐν

255 1785 295 1869 τῇ
326 1780 399 1868 ῥίζῃ
434 1777 493 1865 τήν
516 1783 693 1862 θεραπείαν
712 1775 917 1863 τεχνώμενος.
961 1781 1031 1845 ε’πεί
1054 1782 1090 1844 δέ
1111 1781 1166 1842 κατ’
1186 1779 1356 1866 ἅφορισμή

254 1885 420 1963 Παλαμοῖν
435 1878 516 1962 μετὰ
535 1884 590 1964 τής
612 1880 713 1944 ου’τοό
733 1883 894 1964 φρατρίας
910 1877 1034 1964 ἁπάσης
1049 1878 1107 1944 καί
1115 1882 1273 1969 χειρισμῷ
1283 1881 1389 1950 modu

254 1985 558 2066 καθυποβεβλήσθαι
577 1985 757 2063 συμβέβηκε
774 1985 863 2046 δυσίν
882 1986 1089 2065 πατριαρχῶν
1108 1981 1162 2046 κατ’
1176 1975 1262 2046 όλυνν
1283 1979 1357 2044 o‘no'-

253 2107 305 2149 σοι
317 2087 489 2168 τηνικαῦτα
507 2086 654 2166 παρήσαν
670 2087 732 2147 τῶν
747 2085 934 2166 ἐπισκόπων,
960 2080 1008 2147 ἔτι
1029 2086 1147 2164 μᾶλλον
1170 2083 1303 2169 ἐμαυτῷ
1321 2078 1355 2147 τό

254 2187 308 2268 τής
332 2185 469 2269 ἡσυχίας
483 2183 645 2270 παρῄνουν
660 2183 715 2248 καί
734 2179 919 2268 ε’πεκόρουν,
939 2183 1057 2268 ταύτης
1069 2183 1168 2268 μόνης
1182 2179 1217 2248 τό
1243 2182 1357 2273 ῥᾷστον

255 2285 391 2371 έχοόσης
411 2291 467 2349 καί
486 2277 615 2368 εὔλογον
627 2288 682 2368 τής
703 2289 764 2350 τῶν
779 2281 923 2370 βεβήλων
940 2293 1100 2372 φρατρίας
1121 2284 1176 2348 καί
1190 2289 1356 2358 κσινεονίας

217 2389 401 2462 conterente
427 2387 577 2472 α’φιστόν.
632 2379 693 2471 ἤδη
723 2390 758 2452 δὲ
790 2387 844 2452 καί
865 2386 1003 2472 διωγμόν
1027 2389 1231 2472 α’νερρίπισεν
1262 2385 1391 2468 deputo

255 2491 421 2575 ἐκκλησίας
447 2487 586 2572 χειμών,
606 2492 661 2554 καί
678 2491 827 2572 διωγμῶν
856 2487 912 2554 τόν
942 2491 1198 2576 φρικωδέστατον
1217 2491 1276 2554 καί
1296 2492 1355 2572 βα-

256 2807 366 2848 aorsmr
385 2791 431 2862 qui
451 2797 540 2845 auten
560 2803 721 2860 quocunque
740 2791 819 2844 modo
838 2793 921 2860 partls
939 2789 1060 2844 melioris
1078 2791 1213 2846 studiosus
1232 2791 1279 2858 sit,
1300 2805 1355 2844 eun
1421 2789 1422 2792 ’

258 2866 363 2935 perpeti
381 2879 425 2916 res
443 2865 616 2916 miseratione
635 2863 728 2932 dignae
749 2871 775 2916 et
802 2865 909 2916 aulerre
929 2879 1005 2916 casus
1024 2864 1151 2934 tragicos.
1197 2864 1354 2932 optimorum

259 2953 319 2989 ease
349 2935 414 2987 mihi
435 2935 519 2988 visum
541 2944 598 3000 est,
627 2934 797 3004 tranquillam
822 2935 959 3003 praeferre
978 2938 1078 3001 vitam,
1095 2935 1201 2987 theatro
1223 2935 1355 2989 ecclesis-

257 3011 325 3064 atieo
345 3007 451 3060 relicto.
495 3024 553 3060 cum
579 3007 648 3059 enlm
672 3008 717 3074 qui
735 3009 853 3060 irritaret
878 3015 905 3059 et
931 3023 1045 3075 pugnam
1071 3009 1220 3076 oppositam
1249 3007 1301 3060 hac
1328 3019 1354 3058 re

258 3081 404 3144 excitaret,
438 3086 500 3130 sato
526 3079 620 3132 oeulos
639 3086 744 3130 nostros
770 3096 824 3132 non
844 3087 1012 3144 versaretur,
1038 3080 1138 3148 quippe
1165 3081 1211 3147 qui
1238 3077 1354 3132 tenebris

257 3151 372 3205 inuoluti
393 3165 528 3216 essemus,
548 3151 671 3219 putabam
697 3151 755 3204 lore
774 3159 804 3204 nt
822 3165 882 3218 pers
911 3151 1042 3203 adtributa
1068 3151 1227 3202 calamitatis
1250 3159 1355 3203 nostrae

192 3219 197 3230 “
258 3224 405 3276 desineret.
443 3223 612 3288 quamobrem
633 3223 696 3290 qnia
714 3225 821 3274 minime
840 3223 946 3288 accidit,
966 3231 996 3274 ιιι
1014 3222 1078 3273 mibi
1097 3223 1143 3290 qni
1163 3220 1223 3274 aliis
1245 3219 1356 3274 consilis

257 3295 347 3346 darem
368 3294 440 3344 dicto
459 3293 597 3345 audientes
619 3301 727 3356 essent,
747 3295 805 3362 ipse
825 3295 914 3346 officia
939 3309 997 3346 mes
1018 3293 1195 3361 praestabam.
1233 3309 1295 3345 narn
1314 3300 1355 3343 tu·

257 3363 367 3418 multum
387 3381 402 3416 o
420 3378 486 3430 pace
506 3363 596 3416 lacero
616 3366 694 3416 etiarn
714 3365 864 3420 bominibus
885 3367 1007 3433 pessimis
1026 3365 1180 3433 vilibusque
1202 3365 1286 3417 facile
1308 3369 1357 3424 est;

259 3451 274 3488 ο
293 3433 407 3487 tumultu
434 3442 521 3486 autem
540 3451 632 3502 pacem
663 3438 823 3503 conciliare,
842 3454 876 3489 ne
896 3439 1033 3490 admodum
1058 3437 1233 3506 prudentibus
1253 3436 1355 3505 quidem

257 3507 380 3575 prolecto
400 3514 442 3558 est
461 3516 599 3573 promtum.
638 3507 750 3560 alterum
767 3511 836 3562 enim
856 3510 966 3561 arbitrio
984 3518 1095 3562 naturae
1114 3510 1218 3577 agitur:
1239 3517 1354 3560 naturam

258 3587 346 3632 antem
378 3577 507 3632 turbidam
539 3587 565 3631 et
595 3579 748 3632 mutabilem
774 3597 833 3633 esse
863 3589 982 3633 constat:
1008 3580 1120 3633 alterum
1148 3581 1312 3632 humanitate
1332 3583 1356 3626 et

260 3649 374 3704 consilio
395 3651 510 3717 sapienti
532 3659 559 3703 et
585 3653 668 3704 cautis
693 3652 931 3705 deliberationibus
957 3653 1168 3705 administretur:
1188 3651 1355 3720 quamobrem

258 3722 325 3776 illud
345 3723 423 3774 etiarn
443 3723 518 3774 dotas
548 3723 685 3792 excogitat
715 3739 823 3788 causas,
854 3723 986 3792 praebens
1013 3723 1129 3778 subsidia
1159 3721 1286 3790 procliis:
1307 3721 1354 3772 boc

261 3809 337 3846 veras
357 3809 465 3861 quoquc
485 3793 584 3846 tollere
604 3802 734 3859 conatur,
752 3804 782 3848 ut
800 3797 918 3848 medicus
939 3811 992 3847 non
1018 3797 1045 3846 in
1063 3810 1134 3847 ramo
1156 3795 1204 3846 sed
1223 3795 1250 3845 in
1269 3793 1355 3845 radice

259 3865 425 3916 curationem
446 3880 600 3934 aggressus.
638 3875 776 3936 postquam
796 3875 884 3919 autem
904 3867 1018 3932 accidit,
1038 3875 1067 3920 ut
1084 3866 1204 3919 Palamas
1226 3881 1285 3917 σιιιιι
1303 3871 1355 3915 tota

259 3935 362 3990 lanitia
380 3951 428 3986 sue
448 3945 474 3988 et
492 3939 714 3992 determinatione
741 3947 768 3990 ot
792 3941 963 4006 separatione
988 3939 1079 3990 divina
1104 3937 1290 3990 succumberet
1309 3949 1355 4002 pe·

258 4005 383 4060 triarchis
403 4007 506 4060 duobus
534 4018 561 4061 et
585 4010 727 4075 omnibns,
748 4007 878 4079 quotquot
902 4020 956 4062 tum
977 4012 1087 4063 aderant
1106 4011 1257 4078 episeopis,
1277 4005 1355 4058 multo

258 4079 343 4148 magis
363 4079 583 4145 tranquillitatem
602 4082 745 4148 probabam
766 4092 793 4135 et
822 4081 1014 4147 nanciscebar,
1034 4084 1134 4152 quippe
1152 4097 1221 4150 quae
1240 4079 1298 4133 sola
1317 4079 1355 4130 la-

259 4150 386 4204 cultatem
406 4157 433 4200 et
451 4151 580 4204 rationem
600 4154 742 4220 praeberet
760 4155 957 4208 baereticorum
978 4153 1077 4206 laurilia
1099 4161 1125 4206 at
1144 4155 1277 4206 societate
1295 4149 1354 4202 satis

259 4221 421 4280 abstinendi.
456 4221 594 4277 lauacro
625 4227 829 4280 insectationem
854 4225 978 4280 accendit
1006 4226 1141 4285 eeclesiae
1160 4233 1313 4296 tenpestas,
1332 4227 1355 4274 οἱ
