2898 4790
169 309 391 379 nisnonmn
412 310 672 380 aminnium
689 315 841 378 xxxvu.
863 293 1050 384 ,id-46.
1110 307 1182 384 ont

76 473 192 555 ἐξότου
220 479 377 560 βραχειας
408 474 526 560 ἐκείνης
559 476 592 553 ἒξ
624 474 738 560 ἀλόγου
776 476 879 561 φοράς
910 475 966 541 καί
996 477 1181 561 παραδόξου

76 577 181 662 τύχης
200 575 374 660 ἐδράξαντο
397 575 558 662 ἀφορμῆς,
576 580 631 660 τῆς
652 600 686 641 τε
711 574 832 660 δηλαδὴ
858 580 920 645 τών
942 581 1031 644 δυοῖν
1048 578 1181 666 Ἀνδρο-

77 679 179 744 νίκων
199 679 262 740 τών
282 676 442 760 βασιλέων
465 678 669 756 διαστάσεως,
690 682 813 762 μᾶλλον
844 682 873 744 δ’
900 679 1103 758 άποστασίας
1127 683 1183 746 τοῦ

78 777 157 844 νέου
178 777 259 862 πρὸς
277 775 332 843 τόν
357 778 470 842 οἰκεῖον
490 778 636 856 πάππον,
662 780 718 844 καῖ
746 773 789 844 αὖ
809 783 864 864 τῆς
886 776 1046 866 δευτέρας,
1068 779 1107 866 ἢν
1130 804 1181 845 τε-
1222 791 1233 804 ‘

44 880 250 963 τεθνηκότων
271 879 399 944 ἐκείνων
421 875 502 944 κατὰ
522 881 579 944 τοῦ
611 879 683 944 νόου
703 879 863 964 βασιλέως
882 881 938 946 καί
958 885 1014 966 τῆς
1034 884 1089 944 τοῦ
1107 880 1181 946 νόου

79 977 204 1065 μητρός
235 977 252 1043 ὁ
284 977 549 1064 Κοντακουζηνός
568 983 746 1066 κεκίνηκεν,
769 984 983 1060 παντοδαποῖς
1001 982 1057 1047 καῖ
1077 983 1182 1048 ποικί-

81 1086 153 1159 λοις
176 1079 279 1155 δόλοις
302 1081 441 1156 ἐκείνους
461 1081 521 1164 μὲν
540 1081 703 1167 πρότερον,
724 1083 854 1160 τούτους
871 1085 899 1146 δ’
920 1079 1061 1168 ὕστερον,
1082 1084 1181 1169 ἐπαγ-

80 1183 205 1270 γελίαις
216 1205 250 1247 τε
274 1178 376 1248 ἄλλοι)
400 1179 512 1260 ἄλλαις
531 1183 715 1270 περιιόντες,
738 1183 849 1249 όποῖαι
865 1184 921 1249 καί
944 1181 1095 1262 δοαιτοῖς
1115 1207 1182 1250 τοι·
1273 1251 1278 1258 ,

83 1283 189 1358 ου’τοις
210 1281 364 1368 ἣρμοττον
389 1291 530 1369 καιροῖς,
552 1287 686 1367 βουλαῖς
708 1283 830 1370 δηλαδὴ
860 1285 915 1351 καί
932 1285 1097 1370 χρήμασιν
1120 1284 1182 1371 dp-

30 1399 70 1453 to
83 1384 279 1468 θονωτέρυις
300 1385 355 1450 καί
377 1385 579 1468 συμμαχίαις
597 1383 776 1470 ὁπλιτικαῖς
797 1388 853 1452 καῖ
871 1387 1024 1465 τοιοάτοις
1042 1386 1080 1472 δὴ
1101 1409 1184 1452 τισιν

85 1487 148 1574 (ἐῶ
168 1482 230 1571 γάρ
252 1484 358 1571 λέγειν’
376 1486 432 1550 καί
465 1485 533 1562 οἵας
555 1487 617 1568 Ιἐπῖ
637 1481 758 1562 τούτοις
778 1487 957 1572 λεληθότως
988 1490 1086 1570 δῆθεν
1106 1485 1184 1552 sind-

86 1607 204 1674 φαινον
224 1583 280 1664 τάς
304 1584 437 1662 άπειλάς
464 1591 540 1650 καθ’
574 1578 658 1672 ώνῆ
691 1585 794 1652 πειθώ
813 1588 926 1673 χώραν
947 1587 1044 1654 ἐνίοτε
1068 1585 1185 1676 βηδιλκν

26 1723 33 1732 ·
84 1687 146 1768 οὐχ
171 1683 324 1775 εόρισκε),
348 1687 403 1752 καῖ
425 1689 481 1752 νῦν
514 1689 573 1772 μὲν
592 1687 717 1775 θατέρῳ
750 1689 996 1776 προστιθέμενοι
1013 1689 1106 1775 μέρει
1128 1690 1185 1754 καί

7 1791 9 1800 '
83 1787 169 1874 πρός
189 1789 325 1874 θάτερον
348 1783 445 1864 αὖθις
473 1789 752 1873 ταλαντευόμενοί,
772 1791 827 1855 καῖ
858 1790 909 1856 άεῖ
928 1791 1073 1876 ’θάτερον
1094 1788 1185 1875 παρὰ

34 1903 71 1955 ib
84 1888 224 1974 θάτερον
245 1887 421 1971 ἀμοιβαδὸν
454 1891 688 1968 ἐξαπατῶντες,
709 1893 777 1967 πώς
803 1891 863 1973 μὲν
884 1883 985 1954 ἑκοντὶ
1005 1891 1073 1966 πώς
1095 1893 1123 1955 δ’
1147 1889 1184 1952 οὗ

82 1991 174 2074 μάλα
196 1981 306 2077 ἓκοντί,
328 1991 382 2073 τῆς
401 1993 458 2054 τοῦ
476 1993 592 2076 καιροῦ
613 1990 830 2075 περιστάσεως
852 1990 962 2076 πόρρω
984 1991 1041 2055 τοῦ
1062 1987 1184 2065 δέοντος

83 2089 279 2173 ἑλαυνοόσης
312 2093 364 2154 τὸν
385 2091 504 2176 δρόμον
536 2093 598 2156 τοῖν
621 2092 797 2176 ἀνηκόντων
827 2090 928 2178 λόγων
950 2090 1006 2156 καί
1028 2088 1183 2174 πράξεων,

84 2190 206 2256 ἔλαθον
226 2187 299 2266 τοὺς
326 2192 461 2268 οἰκείους
494 2191 591 2278 όρους
613 2195 646 2258 ὲκ
670 2195 752 2258 πάνυ
775 2217 806 2256 τι
834 2192 976 2269 εὐτελοῦς
995 2215 1029 2256 τε
1047 2192 1102 2256 καῖ
1119 2213 1183 2272 χα-

84 2289 247 2374 μαιζήλου
280 2293 432 2377 περιοχῆς
462 2292 652 2369 ἕκτειλιαντὲς
671 2315 704 2356 τε
731 2295 786 2360 καί
815 2292 1037 2378 ὀχυρώσαντες
1060 2293 1185 2375 πρῶτον

36 2405 74 2459 2⁰
82 2393 146 2476 μὲν
180 2391 316 2468 ξυλίνοις
343 2391 409 2456 τισί
438 2397 582 2478 θριγκοῖς
614 2395 678 2466 sud:
706 2395 842 2482 τάφροις
868 2395 1037 2478 βαθείαις,
1076 2391 1185 2458 ἔπειτα

84 2493 225 2574 τείχεσιν
246 2488 381 2576 ὑψηλοῖς
401 2517 434 2556 τε
454 2494 510 2558 καί
533 2493 664 2580 ὀχυροῖς
692 2496 748 2560 καῖ
777 2495 1092 2579 δυσανταηωνιλιτοις.
1134 2493 1251 2557 ε’ν-ιίθ

85 2595 200 2656 τεῦθεν
222 2589 401 2678 ὁρμώμενοι
427 2591 500 2669 τοὺς
534 2597 590 2676 τῆς
622 2596 738 2672 οἰκείας
762 2595 952 2679 [πλεονεξίας
979 2593 1076 2679 ὅρους
1106 2590 1186 2656 κατὰ

83 2691 201 2778 χώραν
218 2695 342 2776 Ιμὲνειν
363 2692 418 2757 ἐᾶν
453 2692 582 2780 οὐδαμῇ
602 2718 637 2780 γε
672 2693 865 2780 ἐγνώκεσαν,
904 2694 971 2760 ἀλλ’
993 2695 1045 2778 ἐφ’
1067 2687 1186 2781 ἑτέροις

85 3001 215 3057 tenebant
233 3001 295 3054 iude
315 3000 348 3054 ab
368 3017 400 3054 eo
419 3009 541 3070 tempere
571 3017 624 3072 quo
644 3004 757 3073 exiguae
776 3003 850 3058 illins
876 3019 910 3058 ex
929 3003 1042 3058 absurda
1061 3018 1140 3056 enum
1158 3011 1185 3058 et
1251 3014 1253 3026 '

85 3075 226 3142 inopinato
245 3089 308 3126 τετυ
328 3082 437 3126 exortae
449 3077 550 3142 primae
562 3077 701 3128 discordae
722 3084 749 3128 et
763 3076 942 3128 contentionis
962 3083 1070 3142 opertae
1089 3090 1182 3142 regum

85 3147 223 3199 amborum
242 3145 452 3199 Andronicorum
474 3155 575 3212 partem
596 3147 722 3212 iecerunt,
742 3146 786 3199 vei
807 3148 894 3214 potius
914 3145 1071 3199 rebellionis
1091 3147 1184 3198 iunio.

84 3219 125 3270 ris
145 3222 238 3268 contra
257 3217 341 3282 ipsum
360 3233 453 3281 ovum,
483 3227 510 3269 et
528 3235 618 3270 rursus
643 3219 754 3271 alterius
779 3234 857 3288 quam
879 3218 987 3271 mortuis
1017 3216 1072 3268 iilis
1091 3225 1183 3268 contra

88 3291 214 3340 insanam
233 3303 324 3356 regem
344 3296 371 3339 et
388 3289 494 3340 iuvenis
512 3298 620 3342 matrem
641 3291 841 3344 cantoennenus
860 3297 989 3353 moverat,
1010 3289 1092 3340 variis
1111 3287 1184 3339 mul.

84 3362 120 3412 tis
141 3366 168 3410 et
186 3359 302 3410 versutia
320 3359 421 3410 artibus
443 3359 504 3411 ilios
526 3363 608 3426 prius,
629 3361 677 3414 hos
699 3371 805 3430 postea,
828 3369 855 3413 et
873 3359 1093 3428 promissionibus
1112 3357 1184 3412 mul.

84 3433 120 3484 tia
141 3430 361 3494 circumiverunt,
381 3429 474 3498 quales
509 3439 536 3482 et
563 3441 677 3500 quantae
703 3432 866 3500 temporibus
893 3430 948 3483 iilis
978 3431 1182 3494 conveniebant,

85 3501 196 3554 seilicet
214 3500 335 3552 consiliis
358 3510 385 3552 et
402 3503 524 3568 pecuniis
543 3511 584 3555 sat
602 3505 704 3573 magnis
729 3512 755 3554 et
781 3503 876 3571 opibus
895 3501 1054 3556 militaribus
1074 3509 1102 3552 et
1121 3501 1183 3552 siiis

86 3572 256 3624 huiusmodi:
275 3572 351 3622 mitto
373 3575 443 3623 enim
462 3573 552 3624 dicore
570 3583 680 3642 quantas
692 3577 719 3626 in
739 3573 780 3626 bis
791 3574 858 3626 clam
872 3575 956 3626 minas
966 3573 1081 3626 iecerint
1091 3579 1184 3624 contra

87 3659 152 3712 quas
164 3643 300 3710 persuasis
311 3643 440 3694 interdum
452 3643 518 3695 nibil
531 3645 647 3710 valebat,
666 3653 693 3698 et
710 3661 774 3713 quas
790 3661 863 3697 nune
881 3643 959 3698 alteri
979 3643 1046 3710 psrti
1065 3643 1184 3694 inferre-

86 3715 159 3778 bnnt,
179 3729 249 3764 nuno
263 3713 296 3764 nd
318 3713 427 3764 alteram
444 3715 634 3779 devolvebant,
654 3723 681 3768 et
700 3717 830 3784 quomodo
851 3717 979 3768 continuo
998 3714 1107 3766 aiteram
1124 3721 1185 3780 post

91 3785 200 3837 aiteram
219 3785 396 3851 decipientes,
419 3787 495 3837 modo
515 3787 548 3840 iis
560 3801 613 3839 non
632 3787 724 3839 invitis
743 3789 821 3839 modo
841 3789 943 3851 invitis,
963 3801 1042 3855 quum
1056 3783 1185 3852 temporis

89 3857 208 3909 rationes
236 3855 318 3908 verba
343 3855 535 3909 ultramodum
566 3857 676 3910 audacia
703 3866 730 3909 ot
758 3857 827 3910 iaets
848 3860 1038 3922 admitterent,
1057 3857 1185 3925 paulatim

88 3928 266 3996 possessionis
298 3943 363 3979 suae
390 3929 517 3979 terminos
545 3945 579 3982 ex
603 3937 716 3997 angusto
742 3937 768 3980 et
796 3931 894 3999 exiguo
917 3929 1016 3980 ambitu
1054 3929 1186 3982 extende.

45 4058 51 4068 ,
88 4001 141 4052 rint
160 4005 186 4050 et
204 3999 381 4062 muniverint‚
409 4000 518 4065 primum
538 3999 643 4068 quidam
661 3999 760 4067 ligneis
779 4003 863 4067 septis
888 4008 915 4052 et
941 4001 1019 4052 iussis
1037 3999 1186 4068 profundis,

88 4069 184 4122 deinde
209 4083 275 4122 vero
301 4071 381 4122 muria
399 4069 460 4122 altis
487 4077 514 4122 ot
532 4071 613 4122 firmis
639 4079 665 4122 et
691 4072 737 4122 vix
767 4071 999 4140 expugnabilibus.
1037 4071 1065 4124 in
1084 4069 1125 4121 bis
1143 4068 1186 4120 ia.

89 4149 158 4194 ctnrn
189 4149 230 4194 est
255 4148 285 4192 nt
318 4137 406 4208 cupidi
438 4143 616 4208 possessionis
646 4141 858 4210 tampiideaudae
884 4144 1012 4196 terminos
1039 4141 1071 4193 ad
1099 4137 1186 4192 medi.

89 4227 147 4268 oum
174 4213 300 4266 ambitum
320 4214 483 4268 constituero
504 4229 558 4267 uon
577 4214 628 4266 inm
649 4213 678 4269 in
696 4215 784 4268 animo
807 4213 952 4280 haberent,
980 4212 1027 4292 sed
1051 4207 1105 4268 ulia
1126 4215 1187 4280 post
