2872 4790
612 115 623 154 ί

243 203 318 309 224
481 285 486 296 ,
577 219 803 290 αιοτνιιοιιι
833 215 1064 288 σνοοοιιλο

240 390 404 463 πλεισταιρ
432 384 709 468 συμπεπτωκότων
740 382 815 460 τοός
842 385 901 464 μὲν
931 385 994 448 coia
1015 377 1187 466 οἰκητόρων
1208 375 1334 466 θανάτρ

240 489 338 576 βιαίρτ
360 487 637 572 παραπεμφθήναι
659 489 887 568 συμπέπτωκε,
918 482 993 560 τοῦς
1015 485 1051 548 δὲ
1070 489 1133 558 τοῦς
1157 481 1336 564 deterrito-

206 603 293 658 now
316 591 350 664 ἐξ
371 583 553 670 αὐτομάτου
588 590 788 672 προδοθῆναι
817 582 997 671 βαρβάροις
1033 580 1233 668 ου’θήμερόν.
1282 583 1335 644 τοῦ

242 687 302 776 γάρ
326 692 485 772 βασιλίως
501 689 771 774 Κανταιιουζήνοῦ
789 685 851 772 πρό
876 688 959 752 ε’τοῦν
980 709 1042 752 που
1063 687 1165 765 δυοῖν,
1187 676 1231 757 σός
1253 677 1336 764 εῦρη·

246 815 309 876 τοι,
330 794 407 872 μίοιν
432 794 495 855 τοῖν
517 789 727 876 ὀχυρωτέραν
750 787 819 854 ἐκεῖ
836 789 958 854 πόλεων
981 781 1204 870 παρασχόντος
1236 784 1359 856 udrosos

245 891 445 978 οἰκητήριον,
482 885 561 958 οόστε
592 889 677 974 ἔχειν
705 889 822 966 adroic
843 891 1045 973 ἐπιτείχισμα
1080 885 1135 952 καί
1153 886 1340 967 συμμαχίαι

246 993 418 1078 πρόχειρον
439 991 519 1058 κατά
540 993 768 1077 Παλαιολόρου
788 993 845 1057 τοῦ
870 993 1028 1076 γαμβροῦ,
1050 986 1129 1056 sard
1153 987 1268 1072 χώραν
1287 987 1342 1068 με’-

244 1117 309 1159 νειν
334 1093 432 1159 αότοί
459 1117 494 1177 ys
516 1093 574 1156 ουίι
605 1084 739 1179 ήνεγιιαν
767 1095 825 1156 τοῦ
858 1094 990 1172 λοιποῦ,
1021 1088 1102 1156 α’λλό
1128 1085 1208 1154 κατά
1234 1081 1339 1169 βραχό

246 1192 447 1278 παρεξιόντες
478 1194 545 1278 ciel,
579 1195 633 1259 κατ’
660 1191 840 1278 ληϊζόμενοι
871 1189 945 1268 τοῦς
971 1195 1034 1256 τοῦν
1065 1193 1191 1274 ἔγγιστα
1227 1187 1342 1252 πόλεων

249 1290 368 1379 α’γροῦς
391 1295 505 1380 ἐφεξῆς
526 1295 632 1369 αότοῖς
655 1293 792 1375 α’νόράσι
816 1317 850 1360 τε
871 1294 927 1358 καί
948 1289 1149 1378 ἀχθοφόροις
1180 1287 1275 1370 ζοόοις
1295 1283 1377 1352 xct'll

251 1396 409 1476 ποιμνίοις
423 1389 541 1477 ducos,
564 1398 670 1459 πᾶσαν
693 1399 726 1460 όν
748 1399 868 1478 βραχεῖ
890 1394 949 1476 τήν
977 1397 1032 1477 τῆς
1054 1389 1264 1476 Χερρονήσου
1291 1410 1345 1470 με·

250 1495 373 1582 odyssea
397 1491 571 1581 ἱππήλατον
581 1499 695 1582 σφίσιν
707 1495 815 1572 αῦτοῑς
838 1497 916 1560 sideri
931 1494 1164 1579 κατεστήσαντο
1179 1495 1237 1556 καί
1250 1515 1346 1575 στρα-

248 1593 378 1663 τόπεδον
401 1592 573 1685 ῦπαιθρον,
596 1597 689 1661 otidis
709 1597 764 1680 τῆς
784 1596 962 1672 Ἀσιάτιόος
980 1598 1037 1680 γῆς
1056 1593 1111 1660 aas*
1130 1589 1232 1659 πάλαι
1252 1584 1347 1672 συνή-

250 1701 330 1775 θους
354 1691 464 1777 αότοῖς
488 1698 667 1764 οἷπεοικέναι
692 1700 816 1763 δοκοῦν.
862 1695 911 1762 όιό
933 1701 987 1762 καί
1009 1697 1067 1782 τήν
1090 1693 1152 1760 άπό
1178 1699 1237 1760 τοῦ
1259 1716 1346 1759 σειο-

117 1803 205 1865 tttss
214 1821 242 1862 r·
250 1803 315 1882 μόῦ
340 1800 513 1889 συμφοράν
537 1803 571 1865 εἰι
585 1804 643 1867 τοῦ
664 1797 815 1884 σύνεγγυς
839 1799 1046 1882 θεασόμενοι,
1065 1796 1202 1880 τάχιστοι
1225 1789 1381 1874 elocari-li

256 1905 357 1988 όήσον
377 1905 431 1968 καὶ
450 1903 539 1985 μάλα
563 1901 699 1987 άπονήτί
717 1898 798 1980 μετά
820 1904 882 1966 τοῖν
905 1903 1012 1966 οἰκιοῦν
1040 1897 1275 1984 κατειλήφασιν
1294 1886 1349 1958 doc

216 2001 296 2088 ίμή
319 2002 572 2088 κατοχάσθήσαν
596 2001 779 2086 πράγματα.
830 2002 886 2066 κατ’
911 2007 968 2067 τοῦ
986 2003 1099 2066 λοιποῦ
1123 1999 1204 2064 κατὰ
1235 2001 1350 2080 πλῆθος

255 2105 307 2168 αἐἰ
326 2101 527 2188 παρεξιόντες
550 2105 672 2168 ἐκεῖθεν
686 2101 742 2167 καί
766 2106 872 2168 πᾶσαν
896 2097 955 2188 ήόή
976 2103 1034 2186 τήν
1048 2105 1149 2185 μέχρι
1163 2099 1351 2164 πυλιῦνΒυ-

257 2205 388 2284 ζαντίων
409 2199 574 2287 ἐληίσαντο
604 2209 711 2270 τέλεον
739 2207 798 2290 χήν
830 2205 885 2268 καί
905 2203 1076 2285 Ῥωμαίοις
1098 2197 1218 2285 ῦβατον
1234 2197 1270 2266 τό
1292 2224 1352 2264 πα-

257 2303 364 2392 ράπαν
395 2301 594 2390 εἰργάσαντο.
654 2305 773 2392 φόρους
795 2331 830 2370 το
859 2309 1014 2372 ἐπέθεσαν
1045 2301 1185 2379 άπάσαις
1205 2313 1277 2379 ταῖς
1297 2306 1384 2383 pe-tt

260 2405 339 2484 ταξῦ
363 2405 482 2489 πόλεσι,
506 2406 724 2490 δεκαδάρχους
750 2403 936 2494 βαρβάρους
958 2405 1014 2472 1ιαί
1034 2402 1223 2490 ἐπιτρόπους
1247 2403 1352 2478 αὐτοῖς

258 2501 473 2584 ἐνοικίσαντες.
518 2508 587 2574 dtt'
609 2507 680 2573 οὐδ’
700 2503 783 2575 οότω
805 2505 864 2594 τήν
878 2509 1010 2593 κομιδήν
1030 2504 1061 2572 oi
1081 2503 1214 2582 τάλανες
1239 2506 1353 2594 Θρᾷκες

261 2838 373 2906 bantnr3
391 2840 425 2896 ad
444 2840 511 2896 alias
530 2842 601 2912 quod
617 2843 714 2896 attinet
739 2844 822 2898 muris
849 2843 876 2897 in
896 2842 987 2896 orbem
1011 2843 1154 2898 destructis
1172 2849 1201 2894 et
1217 2835 1353 2894 domiciliis
1408 2845 1409 2886 l

262 2913 401 2966 maximam
420 2922 522 2982 partem
535 2913 663 2983 collapsis
683 2915 831 2969 incolarum
849 2931 911 2983 pars
926 2917 1005 2968 morti
1018 2915 1155 2968 violentae
1174 2910 1352 2966 committeba-

263 2993 322 3049 tur,
340 3000 401 3052 pars
420 2985 491 3038 ultro
516 2987 615 3040 vicinis
643 2987 762 3040 barbaris
791 2987 884 3040 eodem
910 2989 953 3040 die
976 3003 1006 3040 se
1029 2987 1158 3040 tradebat.
1201 2983 1354 3054 praebuerat
1408 2987 1409 3002 ¹

265 3057 334 3110 enim
351 3056 553 3112 (λοολτοιιτοιιιτε
575 3067 700 3111 rorante
719 3059 784 3111 daos
804 3059 979 3124 fercannus,
998 3067 1028 3111 ut
1042 3060 1140 3112 dictam
1159 3065 1209 3123 est,
1229 3071 1308 3110 naum
1325 3065 1353 3102 ttt
1408 3101 1409 3120 ff

264 3127 370 3196 oppidis
388 3131 446 3182 eins
465 3131 585 3198 regionis
605 3129 684 3182 valde
702 3133 871 3196 munitorum,
892 3131 962 3201 quod
980 3131 1014 3183 iis
1026 3139 1097 3184 esset
1115 3129 1287 3183 domicilium.
1308 3125 1354 3176 bot

264 3201 348 3268 igitur
369 3201 448 3252 modo
466 3210 575 3267 paratae
593 3203 626 3253 iia
647 3210 723 3254 erant
739 3204 901 3256 munitiones
921 3211 948 3254 et
966 3203 1094 3255 auxilium
1114 3211 1205 3255 contra
1218 3197 1354 3253 Palaeolc-

266 3285 337 3339 gam,
357 3271 480 3336 aiflnem3
500 3273 526 3323 in
547 3275 659 3340 regione
678 3275 775 3326 diutius
795 3290 902 3326 manere
921 3275 973 3342 ipsi
991 3275 1147 3328 noluerant.
1168 3273 1216 3328 sed
1235 3270 1353 3340 paulatim
1408 3279 1409 3290 ³

268 3349 414 3410 evagantes
432 3359 537 3411 semper
557 3345 759 3411 etdiripientes
780 3363 812 3398 ex
831 3347 999 3398 finitimorum
1020 3348 1176 3416 oppidorum
1197 3346 1271 3414 agris
1290 3343 1354 3408 ipsttt

265 3414 340 3465 eiras
361 3413 488 3481 deinceps
506 3423 533 3466 et
550 3415 676 3469 animalia
694 3418 839 3470 sarcinaria
855 3427 881 3470 et
902 3431 993 3471 omnes
1016 3421 1106 3474 ovium
1124 3433 1234 3488 greges,
1261 3425 1354 3466 omnent
1408 3443 1409 3464 ι

264 3485 343 3540 brevi
356 3484 551 3540 Chersonesum
571 3489 789 3542 mediterraneam
810 3491 886 3558 equis
903 3498 989 3557 aptam
1008 3492 1114 3544 sibimet
1133 3492 1198 3559 ipsis
1219 3484 1355 3542 reddebam

262 3565 347 3616 ,tutam
375 3566 402 3610 et
430 3567 517 3612 eastra
531 3559 585 3632 laub
604 3561 666 3612 diro
686 3569 767 3614 strata
792 3561 861 3614 nihil
885 3563 919 3614 iis
938 3561 1096 3616 videbantur
1115 3561 1257 3616 dissimilia
1277 3565 1354 3610 terret

266 3629 402 3684 Asiaticae
421 3632 549 3700 priusque
570 3632 717 3685 consultae.
743 3633 834 3701 itaqua
853 3633 1028 3688 calamitatem
1049 3651 1082 3688 ex
1101 3644 1190 3688 terrae
1207 3640 1281 3684 meta
1298 3640 1355 3696 pro·
1408 3671 1409 3710 ,

268 3701 364 3754 lectam
386 3704 505 3754 cominus
524 3705 682 3772 conspicati,
702 3705 844 3756 celerrime
863 3705 996 3758 intrabant
1024 3716 1051 3761 ct
1068 3709 1127 3760 aine
1146 3705 1202 3758 ulla
1221 3717 1302 3772 opera
1317 3700 1355 3749 in-

269 3781 310 3824 ter
329 3773 465 3825 domicilia
489 3775 668 3842 compilabant
689 3792 720 3828 ea
739 3776 826 3828 omnia
843 3791 911 3845 quae
923 3791 977 3830 non
997 3787 1072 3832 erant
1090 3779 1194 3831 obruta.
1233 3784 1259 3827 et
1277 3774 1354 3826 lotura

269 3850 391 3910 tempore
411 3848 566 3898 catervatim
588 3863 694 3914 semper
713 3849 882 3916 egredientes
914 3849 1011 3902 exinde
1037 3851 1117 3903 etiam
1136 3864 1241 3902 omnem
1259 3843 1354 3898 omnint

270 3913 323 3965 iarn
341 3931 426 3983 usqne
445 3918 478 3969 ad
497 3925 587 3984 portas
606 3919 768 3986 Byzantinas
796 3927 892 3972 terram
920 3922 1100 3988 compilabant
1123 3922 1307 3988 Romanosque
1328 3907 1356 3962 tl

272 4000 305 4038 ea
324 4000 432 4054 prorsus
451 3989 629 4042 deterrebant.
667 3991 813 4061 vectigalia
841 4000 927 4044 autem
947 3993 1078 4048 solvenda
1095 3993 1261 4060 imperabant
1279 3983 1356 4040 omni-

270 4057 330 4125 bns,
352 4073 420 4130 quae
437 4059 525 4113 media
544 4070 619 4114 erant
638 4064 752 4132 oppidis.
790 4063 948 4118 decadarcbi
968 4066 1075 4120 barbari
1095 4074 1122 4118 et
1138 4063 1269 4133 praelecti
1285 4063 1311 4114 in
1328 4055 1356 4107 lit

273 4128 485 4188 collocabantur.
535 4135 583 4189 sed
610 4149 646 4187 ne
666 4135 703 4190 ita
731 4136 838 4208 quidem
867 4135 1008 4209 diligentia
1035 4140 1093 4194 eius
1118 4138 1229 4194 aestatis
1254 4133 1357 4190 Threttt
