2872 4784
194 305 415 374 nrsronrsn
443 302 702 372 nrznnnnsn
722 305 816 371 xxx.
834 283 1022 374 et-te.
1103 295 1175 375 est

81 469 279 558 ένεργητινῆς
307 470 472 554 δυνάμεως
502 471 701 548 ἀποτέλεσμα
735 471 876 553 ένέργεια
910 471 966 534 ναί
997 466 1089 552 ἔργον
1126 464 1180 532 καί

81 578 251 658 ένέργημα,
275 574 318 650 εδς
332 571 409 658 ἔργα
421 571 477 638 καί
493 575 645 656 ἐνέργειαι
659 574 739 636 θεοῦ
751 572 790 656 γῆ
810 575 865 636 νιοί
875 568 1009 658 ου’ρανδς
1021 573 1077 635 καί
1088 567 1127 635 τέ
1147 566 1181 634 έν

81 673 226 753 τούτοις·
251 679 333 762 φησί
354 673 414 760 γὰρ
437 672 452 739 δ
475 677 563 750 θεῖος
585 675 619 738 ἐκ
628 677 805 755 Δαμασκοῦ
825 671 971 756 Ἰωάννης
994 671 1036 748 οῦς
1060 672 1211 756 ἧένέρ-ῐ·
1224 667 1306 727 141¹·

81 801 153 862 γεια
168 775 225 842 ναί
234 779 389 862 ἐνέργημα
403 781 538 860 λέγεται,
553 777 609 841 καί
615 774 800 840 τοδναντίον
816 776 957 858 ε’νέργεια
969 770 1004 838 τὸ
1017 774 1182 856 ἐνέργημα,

52 881 125 958 huic
147 882 204 944 ναί
218 875 392 961 τδκτίσμα
413 883 520 955 κτίσις.
564 881 638 943 καθ’
659 873 677 941 δ
698 875 928 962 σημαινόμενον
949 879 1004 941 καί
1023 875 1077 942 τδν
1100 867 1184 938 οἷκον

82 979 242 1065 ένέργειδν
257 1003 364 1066 φαμεν
380 981 437 1045 τοῦ
455 976 635 1062 οἰκοδόμου,
658 978 713 1044 ναί
724 981 779 1045 τοῦ
794 979 957 1063 ναυπηγοῦ
974 975 1030 1062 τη“ν
1051 974 1182 1040 ὁλκάδα.

81 1085 227 1168 ένέργεια
249 1086 371 1166 λέγεται
393 1086 448 1148 ναί
469 1079 488 1167 ἦ
512 1079 592 1168 αρδς
611 1079 650 1148 τὰ
680 1077 889 1165 ἐνεργούμενα
912 1084 1049 1166 κίνησις,
1070 1081 1181 1162 σχέσις

80 1207 129 1259 τις
149 1177 233 1249 οδσα
253 1184 306 1249 καί
324 1187 442 1266 μετοξῦ
464 1187 669 1268 θεωρουμένη
701 1187 760 1248 τοῦ
778 1207 813 1248 τε
842 1185 1106 1266 δημιουργοῦντες
1128 1178 1183 1243 ναί

80 1285 148 1349 τοῦν
169 1287 478 1370 δημιουργουμένονν,
500 1282 646 1369 καθάπερ
668 1283 687 1370 ἦ
712 1285 770 1349 τοῦ
792 1282 959 1364 οἰκοδόμου
974 1283 1051 1369 πρὸς
1072 1280 1106 1348 τδ
1132 1283 1183 1348 ον’·

37 1385 317 1468 ίθνοδομοῦμενον
353 1389 408 1452 ναί
452 1388 510 1452 τοῦ
545 1393 708 1471 ναυπηγοῦ
735 1383 813 1470 πρὸς
846 1381 883 1450 τδ
908 1390 1026 1448 πλοῖον.
1085 1376 1184 1464 ἣναί
1221 1423 1244 1468 0

81 1484 287 1571 συμβεβηκὸς
319 1480 407 1569 οδσα,
433 1491 512 1552 καθ’
544 1487 641 1571 αῦτην
675 1485 906 1570 συγκαταλὴγει
935 1489 975 1576 τῇ
993 1489 1054 1550 τοῖν
1078 1479 1185 1568 δίκρουν

81 1587 174 1670 λη’ξεε
197 1588 253 1650 ναί
279 1587 384 1653 οδκέτι
409 1585 495 1654 ἐστίν
518 1588 623 1652 ου’δέν.
668 1585 741 1672 περί
763 1579 801 1672 ἧς
828 1591 884 1652 καί
913 1586 931 1650 δ
955 1587 1102 1670 θεολόγος
1121 1584 1184 1674 ἔφη

82 1685 101 1750 δ
126 1691 216 1760 θείου
236 1691 268 1753 Γ
266 1684 410 1774 ρηγδριος
436 1688 480 1766 οῦς
500 1685 744 1774 ένεργηδὴοεται
775 1692 831 1755 κατ’
851 1688 909 1754 οῦκ
939 1685 1110 1773 ἐνεργήσει,
1131 1692 1187 1754 καί

84 1786 172 1868 ῦμοῦ
192 1792 234 1875 τῷ
264 1786 474 1876 ἐνεργηθῆναι
497 1787 673 1870 ιιαῦσετοι,
696 1791 842 1874 καθάπερ
866 1792 921 1856 καί
943 1790 962 1876 ἦ
982 1787 1102 1872 μετοξῦ
1127 1793 1186 1856 τοῦ

38 1895 71 1948 15
83 1888 252 1975 ὁρωμένου
271 1893 327 1956 καί
347 1896 406 1956 τοῦ
430 1890 573 1976 ῦριῦντος·
595 1883 707 1976 ὅρασις
730 1894 786 1955 ιιαί
808 1891 825 1974 ἦ
848 1893 946 1972 μέσον
968 1891 1027 1955 τοῦ
1049 1891 1185 1974 γευομέ·

83 2013 145 2056 νου
168 1991 223 2054 καί
242 1993 300 2056 τοῦ
321 1995 457 2075 γευστοῦ
477 1993 597 2076 γεῦσις.
622 1994 677 2056 καί
696 1987 712 2054 ὅ
731 1995 909 2058 Νυσσαέιον
927 1993 962 2056 δέ
984 1996 1072 2067 θεῖος
1095 1991 1125 2054 Γ
1124 2015 1186 2077 ρη-

82 2092 194 2176 γδριος
217 2090 261 2176 μη
277 2091 444 2159 δίνασθαί
460 2117 559 2180 φησιν
574 2097 734 2176 ένέργειον
749 2090 979 2180 αἀεργασταιήν
1000 2119 1069 2158 τινα
1084 2094 1185 2176 πρῦγ.

81 2215 188 2276 ματος
217 2194 319 2278 ου’την
349 2198 401 2282 ἐφ’
423 2188 541 2280 ἑαυτῆς
573 2199 743 2279 συστῆναι,
765 2194 810 2280 μὴ
833 2219 917 2270 τινος
949 2195 1185 2278 ὑποδεχομένου

85 2297 151 2378 τῆς,
167 2296 323 2378 ἐνεργείας
351 2293 409 2381 την
433 2299 563 2382 κίνησιν.
611 2300 785 2381 α’ναγκαίαν
816 2295 877 2382 γέρ
901 2293 986 2380 ἔχειν
1002 2297 1106 2361 ταῦτα
1128 2293 1188 2381 την

39 2399 202 2478 νοσχὲσιν
223 2395 300 2480 πρὸς
333 2389 453 2483 ἄλληλα
485 2396 540 2482 τήν
566 2422 600 2465 τε
619 2396 818 2483 ἐνεργητικὴν
846 2399 901 2464 καί
929 2394 986 2482 τὴν
1009 2397 1187 2481 παθητικήν

87 2489 237 2576 δυ’ναμιν.
289 2484 334 2562 ὧν
368 2500 399 2563 εί
425 2500 602 2584 χωρισθείη
633 2499 677 2588 τῷ
708 2497 789 2588 λόγῳ
821 2495 857 2562 οδ
897 2499 1021 2583 ἕτερον,
1058 2495 1115 2562 ουίι
1147 2491 1188 2562 δν
1260 2495 1261 2498 '

87 2599 146 2684 ἐφ’
167 2587 287 2662 ἑαυτοῦ
315 2604 452 2684 συσταίη
482 2602 538 2664 καί
556 2599 591 2664 τέ
624 2597 828 2684 λειπόμενον·
872 2595 965 2684 εἰμὴ
987 2599 1047 2684 γὰρ
1071 2601 1126 2664 καί
1149 2595 1185 2666 εδ

88 2941 151 3010 igni
170 2939 251 3005 inest,
272 2947 299 2991 et
316 2939 463 3010 ingerendi
482 2941 559 3006 uiri,
579 2948 606 2992 et
629 2939 762 2993 sentiendi
781 2937 899 3004 animali,
929 2945 956 2992 et
974 2939 1109 2994 efficiendi
1128 2941 1191 2995 eiii.

89 3013 185 3066 cienti.
224 3013 304 3063 etiem
324 3011 467 3065 eiiicieutie
492 3013 533 3064 vis
552 3013 684 3080 perfectio
713 3013 810 3064 dicitur
837 3011 982 3064 efficientis
1002 3012 1144 3065 etinctum
1165 3023 1192 3066 ct

91 3085 228 3147 effectum,
247 3091 278 3135 ut
296 3083 366 3135 iectu
387 3092 413 3134 ct
432 3085 596 3136 efficientiae
616 3085 659 3136 dei
679 3085 802 3136 dicuutur
820 3092 892 3136 terre
907 3091 933 3135 et
952 3083 1056 3134 coelum
1077 3093 1103 3135 et
1122 3101 1190 3152 quse

91 3157 119 3208 iu
142 3156 176 3206 iis
196 3163 345 3208 versentur.
390 3157 427 3207 eit
454 3157 523 3207 enim
553 3155 659 3208 divinus
686 3156 799 3208 ioannes
828 3155 1025 3208 Densuscenut:
1046 3155 1192 3208 efficientis

93 3227 174 3278 etiem
195 3225 319 3277 eiiecturu
340 3227 452 3292 dicitur,
473 3235 552 3279 etex
575 3229 708 3279 centrario
739 3227 861 3279 effectum
885 3227 1044 3292 efficientis,
1063 3235 1093 3279 ut
1112 3229 1191 3280 etiurn

92 3305 211 3350 ereetum
234 3299 351 3362 crestio,
376 3300 520 3351 secundum
548 3315 624 3368 quern
649 3299 871 3366 significationem
902 3301 980 3350 etiem
999 3299 1101 3350 domurn
1121 3300 1191 3352 dici.

91 3386 151 3422 mus
174 3370 346 3422 efficientium
372 3370 512 3424 architecti
540 3379 566 3422 et
583 3372 692 3422 nerium
717 3371 896 3423 aedificatoris
914 3385 1010 3423 nuvern
1033 3373 1190 3424 onerarium.

97 3442 245 3494 efficientia
273 3441 371 3492 dicitur
390 3443 468 3493 etiarn
487 3443 590 3495 rneveri
609 3443 641 3493 ed
664 3457 714 3506 ee,
734 3457 802 3511 quse
821 3441 993 3506 efficiuntur,
1015 3451 1041 3494 et
1064 3451 1105 3494 est
1122 3445 1191 3495 ratio

93 3513 225 3583 quaedum
246 3527 314 3580 quae
334 3514 477 3564 intercedit
494 3515 564 3565 inter
584 3513 705 3564 eiiiciens
725 3523 752 3565 et
772 3513 909 3578 effectum,
931 3521 961 3564 ut
979 3513 1140 3566 architectus
1160 3515 1192 3566 ed

92 3584 244 3637 aedificium
263 3584 387 3647 secedit,
410 3593 437 3636 et
457 3586 564 3636 naviuin
583 3585 737 3636 aedificator
756 3585 788 3635 ud
807 3599 916 3648 navem,
936 3600 1011 3652 ,quee
1030 3587 1112 3635 metio
1132 3601 1191 3636 curn

93 3657 219 3708 accidens
239 3657 274 3708 sit
289 3671 337 3722 pet
356 3671 386 3708 se
405 3671 464 3707 curu
486 3665 663 3707 extremorum
678 3657 730 3706 fine
745 3656 852 3719 desiuit,
871 3671 960 3724 neque
980 3663 1020 3706 est
1039 3657 1089 3705 iurn
1111 3657 1191 3723 quid.

92 3743 182 3798 quern.
203 3727 236 3778 dc
255 3743 308 3796 qus
327 3727 405 3778 etiem
427 3729 532 3781 divinus
553 3727 713 3795 Gregorius,
733 3725 878 3796 theologus
900 3727 965 3791 ille,
986 3728 1038 3778 ait:
1059 3727 1191 3779 efficietur

91 3815 181 3868 neque
200 3814 267 3850 vcro
287 3799 398 3863 efficiet,
418 3806 445 3850 et
463 3798 622 3867 simulatque
641 3799 736 3850 effecte
755 3805 804 3861 est,
826 3797 942 3862 desinet,
961 3805 990 3848 ut
1008 3799 1087 3850 etiem
1108 3800 1191 3864 visus,

92 3873 138 3940 qui
158 3872 228 3922 iuter
248 3873 334 3922 visum
354 3879 381 3922 et
401 3871 534 3923 videntem
553 3871 714 3934 intercedit,
743 3877 770 3921 et
789 3869 859 3919 inter
882 3877 1030 3938 gustantem
1052 3877 1079 3920 et
1098 3881 1192 3938 gustu.

92 3953 147 3995 tuus
167 3949 298 4010 gustatus.
319 3950 345 3992 et
364 3943 471 3994 divinus
490 3943 633 4010 Gregorius
651 3941 786 4006 Nyssucus
804 3940 878 4002 dicit,
896 3954 948 3992 nou
969 3955 1048 4007 μοεεε
1069 3943 1193 3995 efficien-

91 4017 157 4067 tiam
178 4013 261 4064 uliam
281 4015 321 4064 rei
342 4014 480 4066 eiicecern
499 4015 583 4081 ipsein
602 4016 629 4065 in
648 4031 678 4067 se
698 4020 839 4076 constare,
857 4013 909 4064 uisi
935 4013 998 4080 quid
1017 4015 1131 4082 recipiet
1151 4015 1194 4066 ei-

91 4086 230 4138 iicieutiue
254 4085 408 4138 motionem.
458 4084 525 4136 haec
551 4087 621 4138 euim
651 4083 751 4138 hebere
778 4085 957 4137 neeessariam
976 4085 1106 4138 rationem
1124 4087 1195 4138 inter

94 4173 136 4220 se,
154 4156 273 4209 uctiesrn
295 4165 322 4208 et
340 4158 473 4226 passivum
499 4158 569 4211 rins:
600 4172 710 4226 quorum
729 4158 753 4209 si
776 4164 932 4210 secernetur
950 4157 1053 4208 ratione
1072 4155 1194 4216 alterurn,

93 4243 149 4281 nun
171 4230 199 4280 in
222 4244 251 4282 se
271 4237 376 4282 constet
396 4229 476 4280 ctisur
495 4229 638 4298 reliquu1n3
658 4230 755 4300 etunius
770 4229 793 4284 si
811 4243 865 4282 neu
884 4230 920 4284 sit
938 4230 1069 4282 etiaurnes
1082 4227 1195 4295 patient,
