2874 4784
147 355 370 427 maronia
397 353 656 426 amaccura
673 357 811 426 mm.
830 341 1015 430 ιιι-κο.
1072 351 1147 431 cco

528 481 535 502 c

16 521 97 588 καὶ
125 520 265 607 ζήσεται.
319 519 384 585 iit’
419 511 495 603 δ’ψει
518 517 558 585 coi
580 519 716 586 ὄπδσθιοὶ
734 543 797 603 μου
808 519 836 598 ,'’
860 518 921 586 εἴτε
943 521 1015 600 nocie
1036 526 1148 612 λόγους
1194 540 1209 584 .“

16 627 105 687 τῶν
138 619 238 690 ὄντων
258 619 366 708 λέγων,
388 621 453 686 *aas*
482 618 544 686 ica
569 622 629 704 μὲν
656 622 775 686 ἐκεῖνον
796 621 917 688 ἐκείνου
938 627 1147 712 γνωρίσματα
1242 613 1246 626 ”

16 722 127 790 κατὰ
148 724 204 790 τὸν
224 728 313 789 θεῖον
340 725 371 789 Γ
372 723 521 810 ρηγδριον
531 771 541 800 ,
571 719 632 788 εἴτε
652 721 707 808 τη“ν
735 723 789 788 διὰ
809 723 928 810 σαρκδς
947 727 1146 814 ἐπιφάνειαν,

16 823 95 908 τὴν
121 826 159 889 ἐκ
181 825 345 912 παρθένου
370 823 516 909 δηλονότι
536 822 695 908 γέννησιν·
740 824 815 909 περὶ
834 815 872 908 ἧς
894 823 984 891 neto
1008 825 1145 892 ἀπόστο-
1157 842 1213 894 10

16 927 106 1010 λός,
121 949 223 1012 φησιν
244 923 409 1013 “ε’πιφα’νη
445 922 584 1010 ἧχάρις
616 927 673 990 cori
692 925 771 990 θεοῦ
807 922 827 1011 ἦ
860 927 1015 1014 σωτήριος
1049 931 1147 994 πᾶσιν

20 1027 230 1112 ἀνθρώποις
240 1025 267 1104 ,”
297 1027 487 1113 ἐπιφάνειαν
514 1025 654 1090 ἐνταῦθα
681 1027 781 1112 λέγων
811 1025 848 1092 οδ
871 1026 951 1094 κατὰ
971 1026 1027 1114 τὴν
1047 1031 1147 1094 πάλαι

16 1129 103 1192 τῶν
128 1129 314 1214 προφητῶν,
337 1125 419 1191 αλλὰ
440 1125 495 1210 τὴν
515 1127 571 1190 νῦν
591 1125 717 1211 τήνδια
735 1127 880 1212 σώματος
902 1129 1055 1256 ἀληθοῦς·
1077 1130 1147 1195 τότε
1240 1137 1247 1155 “
1333 1158 1336 1169 “

18 1228 101 1314 γὰρ
122 1225 178 1293 διὰ
193 1231 383 1348 σωματικῶν
400 1227 573 1312 σχημάτων
589 1226 645 1292 και
664 1231 805 1294 τοπικῶν
819 1230 1053 1316 φαντασμάτων
1067 1229 1145 1294 ciuu-
1254 1239 1270 1288 ⁴i

21 1331 148 1416 λόγων
160 1333 202 1417 cri
212 1330 275 1394 τῶν
287 1327 432 1414 δρῶνιων
447 1317 608 1411 δυνοίμει
593 1328 758 1414 ιμἠνοντο.
771 1329 875 1395 διδ
838 1356 900 1418 γαρ
910 1333 1061 1396 τοῧιοκαι
1056 1331 1146 1396 διά-

28 1431 148 1518 φοροί
165 1454 199 1496 τε
221 1429 255 1495 αἴ
270 1426 400 1516 δράσεις
413 1447 467 1494 και
463 1429 702 1506 πολυειδεῖς
686 1433 872 1516 εφαινοντο
895 1431 951 1496 και
964 1429 1026 1517 γὰρ
1048 1429 1148 1517 “e'ymm

28 1555 145 1620 φησιν
159 1528 312 1616 “opocen
326 1529 501 1615 ἒπλήθυνα,
523 1553 577 1594 και
571 1528 633 1594 ἐν
644 1529 742 1615 χερσὶ
760 1533 932 1618 προφητῶν
947 1527 1148 1615 ῶμοιῶθην.”

29 1635 66 1698 εἰ
90 1631 156 1719 γὰρ
173 1631 277 1716 αὐτην,
299 1630 316 1696 6
328 1631 577 1718 Χρυσορρήμων
598 1632 705 1718 φησίν,
728 1625 837 1718 ἓῶρων
848 1630 905 1716 τὴν
915 1633 972 1698 τοῦ
991 1633 1070 1696 θεοῦ
1083 1631 1144 1719 pri·

28 1759 101 1812 σιν,
129 1731 185 1798 οὖκ
207 1729 245 1798 ἂν
268 1733 433 1819 διαφόρως
459 1733 609 1796 ἐθεῶντο·
634 1727 721 1816 δκλῆ
737 1735 799 1818 γάρ
819 1757 867 1810 τις
882 1733 938 1798 καὶ
963 1731 1142 1818 ἀσχημάτι-

29 1859 116 1911 στος
135 1833 192 1898 καί
213 1832 393 1909 δούνθετος.
435 1825 503 1896 εἶτα
524 1831 580 1895 οὐκ
602 1825 717 1918 ῶφθην
741 1832 809 1896 ἀλλ’
834 1830 1006 1918 ῶμοιῶθην
1028 1835 1211 1920 φησίνΊο

16 1934 161 2021 ,οὐγὰρ
187 1929 281 2011 ἄλλος
301 1931 318 1998 6
340 1933 448 2020 λέγων,
473 1933 540 1997 ἀλλ’
559 1931 654 2010 critic
671 1933 747 2020 napi
765 1926 881 1998 ἑαυτοῦ
902 1931 987 2000 ἐστὶν
1010 1931 1027 1998 6
1051 1935 1142 2011 θεός·
1198 1958 1203 1970 ·

31 2035 57 2121 ἦ
87 2033 151 2121 γὰρ
181 2029 335 2118 ὅμοι’ωσις
365 2033 528 2119 ποιότητος
558 2031 690 2112 ἔνδειξιν
729 2032 797 2115 ἔχει
825 2031 880 2100 καὶ
913 2033 986 2116 origi
1008 2033 1143 2121 φύσεως,

33 2137 206 2221 σχήματος
227 2134 308 2220 λέγω
329 2135 385 2200 καί
402 2133 574 2222 χρῶματος
593 2133 649 2200 καί
669 2131 731 2200 ὅσα
751 2135 793 2222 τῇ
812 2128 888 2216 ὄψει
906 2135 1049 2222 πέφυκεν
1063 2133 1144 2199 ὓπο-

33 2237 181 2320 κείμενα,
205 2236 261 2300 καδ
283 2233 345 2300 δσα
366 2239 408 2322 τῇ
432 2234 523 2321 ἀκοῇ,
543 2235 625 2320 λέγω
650 2233 690 2319 δὴ
716 2233 751 2300 τδ
774 2237 830 2320 τῆς
853 2238 968 2312 λαλιᾶς
988 2229 1068 2321 ἦθος
1089 2236 1145 2302 καί

33 2338 198 2426 βούλημα.
241 2337 297 2402 καί
320 2335 382 2422 γὰρ
415 2331 508 2402 καίδ
539 2338 596 2401 τοῦ
617 2334 789 2421 οἷνθρῶιιου
811 2335 885 2412 νοῦς
908 2335 1075 2420 ἀσώματος
1099 2331 1144 2401 ῶν

17 2438 195 2523 ιαίοθήσει
216 2436 275 2519 οὐχ
296 2433 476 2504 ὑπόκειται·
531 2435 598 2501 ἀλλ’
620 2434 751 2501 ἐπειδὰν
784 2437 830 2512 εἰς
849 2437 963 2504 λαλιὰν
986 2437 1065 2526 ἐἎθῃ
1087 2439 1143 2503 καὶ

35 2541 155 2624 λόγους
177 2537 372 2626 ἐνάρθρους,
399 2540 568 2626 τηνικαῦτα
581 2537 637 2602 καδ
661 2537 813 2623 αἰσθήσει
832 2539 892 2621 μὲν
912 2537 1140 2623 inoperimus·

36 2641 96 2706 καί
118 2638 155 2736 τδ
173 2642 229 2724 τῆς
250 2641 368 2718 οἰκείας
381 2641 565 2726 βουλήσεως
587 2634 672 2718 εἶδος
693 2642 749 2707 καί
764 2637 844 2726 ἦθος
865 2644 1061 2709 ἐνδείκνυται
1082 2645 1141 2726 μὲν

37 2742 186 2817 σκιωδῶς
220 2742 277 2808 καδ
303 2745 492 2825 σωματικῶς
521 2745 639 2823 εἰπεῖν,
668 2739 726 2828 την
747 2742 784 2807 δὲ
817 2742 915 2830 φύσιν
933 2744 1140 2824 ἐνδείξασθαι

43 3061 111 3118 dixit
128 3075 182 3116 non
200 3061 364 3130 conspicitur
384 3077 400 3116 u
418 3069 524 3116 tcuemo
545 3062 694 3132 conspiciet
718 3061 814 3116 faeiem
838 3077 923 3115 meam
944 3063 1073 3128 attinet,
1092 3061 1140 3116 seri

44 3135 194 3202 conspicies
213 3143 316 3204 tergum
335 3151 440 3201 meum,
466 3133 574 3188 sciiicet
593 3149 680 3188 rerum
700 3143 847 3188 creatarum
875 3134 992 3186 rationes
1012 3141 1039 3186 et
1057 3149 1140 3202 quss-

46 3223 153 3292 ⁸eurique¹
170 3205 363 3274 iiieGrcgoras
385 3207 558 3276 cognitiones
571 3207 729 3272 nomionis,
748 3207 808 3260 sire
827 3221 949 3258 carneam
971 3203 1140 3292 epiphaniam

45 3279 65 3330 i.
87 3295 110 3329 e.
128 3278 240 3346 virginis
259 3285 371 3345 partum,
391 3279 424 3330 de
443 3293 496 3348 quo
515 3277 653 3347 apostolus
679 3279 757 3330 dicit:
784 3277 907 3346 apparuit
928 3279 1014 3346 gratia
1033 3277 1076 3330 dci
1093 3293 1140 3330 sa-

44 3349 126 3402 iutrix
139 3350 259 3400 omnibus
278 3347 439 3406 homiuibus.
477 3349 521 3402 ubi
541 3349 709 3418 epiphaniam
728 3347 859 3419 intelligit
876 3364 930 3401 non
949 3349 1083 3420 antiquam
1101 3348 1139 3400 ii.
1235 3405 1238 3414 ,

44 3421 97 3474 iam
116 3422 311 3487 prophetarum,
330 3421 377 3472 sed
398 3435 466 3488 quae
486 3421 537 3472 hoe
554 3429 675 3490 ternpore
698 3421 767 3474 iacta
784 3429 825 3473 est
845 3436 894 3490 per
912 3435 1003 3474 veram
1023 3431 1138 3473 carnem.

46 3492 120 3544 oiim
114 3493 194 3542 eninr
214 3491 351 3562 corporeis
371 3491 462 3544 iurmis
482 3500 509 3544 et
526 3492 686 3560 imaginibus
705 3491 848 3546 secuudum
869 3493 1014 3544 videntium
1034 3499 1139 3560 captum

47 3563 150 3616 iebant.
170 3561 219 3614 hac
237 3563 307 3615 enim
324 3569 429 3615 ratione
449 3563 568 3614 visiones
586 3564 710 3616 diversae
728 3572 755 3615 et
768 3565 859 3615 samse
870 3569 1057 3632 apparnemut.
1094 3569 1138 3613 at.

47 3653 97 3704 que
115 3649 165 3720 ego
183 3635 269 3704 inquit
287 3635 407 3686 visiones
426 3634 537 3702 implevi
566 3642 593 3686 et
611 3633 799 3702 prophetarum
816 3635 936 3686 manibus
964 3650 1006 3685 mc
1025 3647 1138 3700 reprae-

47 3707 156 3759 sentavi.
205 3707 229 3758 si
256 3707 326 3756 enirn
353 3708 436 3774 ipsam
467 3707 591 3758 viderunt
610 3705 652 3757 dei
676 3707 837 3770 essentiam,
864 3706 901 3758 ait
921 3705 1137 3772 Chrysusflmus,

47 3793 98 3830 non
117 3775 280 3830 dissimiliter
298 3777 472 3844 contemplati
485 3783 584 3842 esseut,
604 3777 703 3846 quippe
723 3791 791 3846 quae
810 3775 923 3844 simplex
941 3780 984 3841 sit,
1003 3789 1058 3828 nou
1079 3775 1137 3828 ior-

47 3857 121 3914 muta‚
141 3862 191 3900 nun
211 3849 358 3915 composita
379 3849 516 3917 quaedum.
559 3855 698 3917 practerea
725 3863 779 3899 nou
807 3855 967 3916 conspectus
997 3863 1070 3913 cunr,
1089 3847 1138 3900 sed

47 3937 87 3972 me
105 3921 311 3986 repraesentavi,
331 3921 426 3988 inquit.
463 3935 513 3972 uec
533 3921 602 3971 enim
623 3918 692 3972 alius
712 3921 861 3988 quisquam,
879 3918 926 3971 sed
944 3919 1008 3972 deus
1026 3921 1085 3986 ipse
1103 3919 1137 3971 de

48 4007 105 4044 sese
122 3989 247 4059 loquitur.
285 3991 484 4044 similitudinem
504 3991 585 4044 habet
601 3999 784 4060 argumentum
799 4003 924 4058 poeseos,
943 4005 997 4044 nun
1015 3999 1136 4055 naturae,

50 4063 142 4114 formae
162 4061 268 4114 scilicet
287 4071 314 4115 et
332 4061 433 4116 coluris
453 4071 479 4114 ct
498 4077 673 4132 quaecunque
693 4061 851 4114 oculissuut
870 4061 990 4115 subiecta
1005 4071 1031 4114 et
1050 4077 1136 4131 quae-

49 4149 154 4258 iiiiii.
167 4133 520 4274 iiiiiiititiiii
537 4131 1135 4274 {iiiiiiuitiatoris?

49 4293 120 4350 quam
136 4280 162 4330 in
177 4275 298 4366 linguam
316 4279 391 4331 uenit
413 4287 440 4332 ct
457 4277 539 4332 rerba
557 4279 628 4332 tuter
642 4293 673 4331 se
687 4277 840 4344 conciliata,
859 4283 913 4329 tum
927 4277 1050 4331 sensibus
1067 4274 1133 4330 sub-

97 4387 251 4462 umqum
271 4389 383 4462 (inger.
409 4388 464 4445 Vei.
482 4389 539 4446 111.
915 4389 954 4450 29
