2872 4780
256 239 306 312 80
404 289 408 296 -
561 177 787 306 lllOEPHORl
816 232 1050 304 enodata

258 405 472 488 προίστασθαι
502 399 611 482 λαχών
634 397 801 476 Κόκκινος·
861 390 944 462 οὕτω
978 393 1039 481 γὰρ
1072 394 1211 461 ἐκαλεῖτο
1244 392 1301 458 διὰ
1321 390 1354 458 si

257 504 404 588 πυρῶδες
429 501 485 566 καί
506 493 615 584 ἄγριον
645 501 702 584 τῆς
724 491 831 582 ὄψεως
853 497 869 562 ὁ
890 499 1072 578 ποιμενικὸς
1101 493 1216 592 πατήρ.
1262 492 1357 578 ἔτυχε

257 603 317 690 γὰρ
342 604 375 669 a'r
399 602 577 690 Βυζαντίῳ,
601 609 670 676 ταῖς
691 603 749 682 μὲν
769 601 824 664 τοῦ
848 600 993 678 flazano
1021 597 1251 683 καινοφωνιάις
1271 592 1357 681 udo-p

163 779 165 784 .
256 700 364 791 γνωμῃ
386 691 441 766 καί
460 703 586 790 σπουδῇ
606 701 798 782 συμμαχῶν,
820 701 878 762 τοῦ
900 697 935 760 δὲ
958 703 1105 780 ποιμνίου
1126 692 1228 778 μικροὶ
1257 717 1358 780 φρον-

74 789 77 802 ⁸
128 820 147 875 i.
162 805 360 884 Πλωτίζων,
382 804 436 865 καί
456 799 507 866 τὸν
528 805 586 882 μὲν
601 797 679 864 κατοὶ
699 803 752 882 τῆς
774 798 935 879 εὐσεβείας
959 800 982 836 “
1004 793 1224 881 ἀναρριπίζων
1246 798 1380 859 ineo-5

256 909 313 970 eor
330 899 482 986 διωγμόν,
504 905 546 987 τῷ
566 903 601 966 dl
618 905 750 983 βασιλεῖ
761 899 1057 984 προφοιβαζιλμενος
1079 898 1112 975 ἐξ
1132 893 1279 980 σ’νείρων,
1301 895 1359 956 aas

256 1005 314 1070 aori
336 999 482 1069 τοιούτου
504 1002 660 1081 μαντικοῦ
679 1001 826 1084 τρίποδος
848 991 1100 1079 ὑπισχνούμενος
1120 995 1157 1062 τοὶ
1178 990 1309 1079 μεγαλα
1330 1017 1360 1060 τε

258 1101 314 1168 καί
334 1104 511 1186 α’πόρρητα,
533 1097 667 1185 κλήρους
689 1099 792 1181 ἀρχῆς
814 1094 933 1180 δηλαδὴ
956 1089 1168 1181 καινοτέρὸυς,
1188 1093 1245 1160 καί
1257 1095 1361 1171 πείσας

257 1197 338 1293 ἑῴας
356 1201 411 1267 καί
429 1196 578 1288 ἑσπερίου
602 1199 717 1285 λήξεως
741 1196 943 1280 ἐπικράτειαν
966 1191 1113 1279 ἅμοχθον
1136 1196 1250 1262 αι’τίκα
1270 1193 1361 1278 μάλα

257 1328 288 1370 τι
313 1297 471 1386 ἓψομὲνην
501 1303 546 1390 τῷ
582 1303 720 1388 διωγμῷ.
764 1296 844 1364 sitini
874 1297 935 1381 γὰρ
967 1296 1075 1382 ἐπειδὴ
1101 1296 1177 1382 πρὸς
1199 1301 1263 1364 πᾶν
1284 1298 1397 1361 τοτ’-10

259 1403 387 1470 ναντιόν
412 1402 529 1490 ἔχω’ρει
557 1400 669 1468 τὸτοῦ
691 1404 850 1467 Κοκκίνσυ
877 1400 1062 1481 μάντευμα,
1085 1396 1204 1482 πολλὴν
1224 1406 1362 1482 παρεῖχε

259 1501 475 1589 τίγνολπορίαν
504 1505 547 1590 τῷ
568 1508 713 1585 βασιλεῖ,
733 1505 785 1566 καί
804 1497 847 1570 ἃ·
856 1503 935 1584 χθὲς
957 1499 1013 1564 καί
1034 1499 1188 1583 πρότριτα
1212 1495 1362 1582 προσίετό

259 1627 292 1670 τε
314 1605 367 1670 καί
387 1601 515 1690 σφόδρα
537 1605 681 1686 α’σμίνως
703 1605 867 1684 ἐπίστευε,
888 1603 945 1666 νῦν
970 1604 1002 1677 ἐς
1025 1597 1227 1685 ἀμφιβόλους
1248 1597 1364 1683 ἔρριπ-

204 1719 210 1730 “
260 1729 312 1771 τεν
335 1707 465 1787 ι’ννοίας,
487 1706 543 1770 καί
562 1709 732 1791 προνομίαν
753 1699 819 1786 εἶχε
834 1703 1001 1786 λογισμιιῖν,
1022 1701 1078 1764 καί
1098 1699 1263 1766 ἅπεσείετο
1286 1701 1365 1776 roric

151 1821 153 1826 '
261 1803 379 1890 λήρους
413 1809 572 1887 ἐκείνους,
605 1803 660 1868 καί
680 1810 810 1878 πολλοῖς
838 1805 985 1886 ἐπειρᾶτο
1020 1803 1161 1884 μέμψεσι
1194 1805 1398 1884 βαπτιζεινῑλ

261 1903 337 1981 τούς
362 1899 462 1983 οὕτως
487 1908 534 1972 ἐπ’
557 1897 737 1993 αυ’τοφω’ρρ
760 1899 943 1985 ψεύδεσθαι
963 1903 1021 1966 osia
1043 1899 1270 1985 ἐρυθριῶντας.
1295 1905 1365 1966 ἀλλ’

261 2003 395 2089 ἐγγύθεν
419 2001 519 2080 adduc
550 2004 645 2081 ὃτιὶς
675 2008 827 2087 μαντείας
850 1999 983 2086 εἰσάγων
1014 2000 1123 2083 ἑστώς,
1148 2002 1203 2067 καί
1222 2007 1366 2088 παρεξιγ-

262 2097 415 2190 γοίμενος
436 2105 492 2190 τὴν
509 2107 671 2193 ἀλήθειαν,
695 2103 803 2171 ἔπειθε
822 2109 915 2169 πάλιν
936 2103 993 2186 τὴν
1018 2100 1205 2187 adurensis
1224 2101 1366 2186 ὑποτρέ-

264 2227 331 2289 χων
353 2203 526 2295 α’πλότητα,
548 2211 603 2271 καί
623 2209 807 2272 τούναντίου
836 2204 1016 2287 πνεύματος
1045 2202 1205 2288 ἐνέργειαν
1224 2203 1367 2290 ἔφασκεν

115 2323 154 2364 ·.
197 2346 201 2356 ·
265 2299 359 2388 εἶναι,
377 2305 428 2372 ἵνα
450 2305 505 2372 τὸν
526 2307 606 2391 ὑπὲρ
628 2309 792 2389 ειίσεβείας
816 2309 913 2396 σβέσῃ
937 2305 1062 2388 θυμόν,
1085 2302 1287 2390 καπηλεύσας
1315 2303 1401 2384 soriti

266 2405 385 2492 δρόμον
405 2410 464 2472 τοῦ
488 2394 636 2492 διωγμοῦ.
680 2401 760 2472 είναι
783 2409 817 2472 δὲ
852 2409 907 2472 κατ’
930 2403 1061 2492 δοκιμήν
1081 2431 1152 2471 τινα
1173 2408 1263 2470 τοῦτ’
1281 2403 1368 2492 ἔφα-

265 2530 339 2574 σκεν
357 2510 447 2596 αὐτῷ
467 2505 548 2574 θεοῦ
558 2557 567 2591 ,
590 2513 646 2575 καί
665 2513 719 2594 τῆς
740 2509 918 2594 μελλούσης
949 2505 1027 2585 ἴσως
1048 2507 1259 2590 εὐδαιμονίας
1276 2511 1367 2597 γίνε-

216 2891 226 2910 ,
267 2847 335 2894 rant.
370 2845 436 2894 tune
452 2839 546 2894 aberat
564 2839 705 2907 Ooeeinus,
724 2840 769 2911 qui
789 2835 1063 2910 episcopatum'urbis
1076 2841 1184 2898 sortitus
1202 2846 1273 2908 erat
1294 2830 1366 2897 cac.

267 2915 349 2971 ninus
376 2912 447 2963 enim
475 2913 609 2982 pastorius
633 2921 710 2982 pater
734 2913 767 2965 ab
786 2915 866 2984 igneo
894 2922 921 2965 et
947 2913 1056 2974 efferato
1076 2913 1151 2980 vultu
1171 2910 1367 2981 appellabatur.

50 3019 53 3026 ·
93 3040 99 3052 ,
148 2989 155 3056 j
227 3036 232 3047 ,
268 2981 425 3046 versabatur
443 2990 497 3035 tum
516 2987 643 3052 temporis
662 2984 797 3052 Byzantii,
817 2984 864 3036 ubi
881 2985 960 3040 novis
977 2983 1100 3037 l‘alarrme
1119 2980 1278 3041 commentis
1295 2985 1366 3037 enimi

196 3049 239 3097 “·ῖ
269 3055 356 3107 animo
375 3062 458 3126 atque
473 3057 559 3108 studio
581 3057 684 3108 deditus
704 3057 847 3124 gregiesui
863 3069 955 3123 param
966 3055 1057 3109 babita
1074 3057 1181 3114 ratione
1200 3069 1283 3124 verae
1302 3057 1364 3109 lidei

58 3177 61 3186 ,
98 3134 104 3148 ·
181 3159 189 3173 ·
269 3127 485 3196 persecutionem
504 3127 676 3192 accendebat,
701 3129 855 3194 imperatori
880 3143 948 3182 vero
966 3143 999 3178 ex
1017 3127 1127 3182 somniis
1146 3124 1173 3179 et
1190 3128 1298 3207 tripodp
1315 3141 1366 3178 ne.

10 3237 17 3250 .
158 3206 175 3224 '‘
267 3199 324 3252 soie
346 3211 397 3266 quo
418 3199 545 3250 vaticinio
564 3214 673 3267 magnas
692 3215 757 3252 sane
776 3207 856 3267 atque
874 3197 1024 3250 inellalsiles
1042 3215 1085 3250 res
1104 3197 1367 3266 pollicitarentur.

97 3273 103 3286 '
193 3281 198 3292 ·
222 3301 240 3319 ·.
268 3259 338 3338 perii
355 3269 479 3320 nimirum
509 3269 760 3336 amplificationem,
790 3271 902 3322 orientis
928 3278 957 3331 et
975 3268 1122 3324 occidentia
1140 3269 1279 3334 ditionem,
1298 3285 1366 3338 quae
1423 3275 1424 3280 ’

268 3339 344 3392 πολλα
364 3339 475 3406 negotio
493 3343 707 3407 persecutionem
728 3359 742 3394 e
763 3343 879 3409 vestigio
904 3342 1057 3393 insecutura
1082 3350 1162 3394 esset.
1182 3349 1210 3393 at
1228 3339 1367 3393 eniairaero

176 3435 182 3454 ·
268 3423 348 3479 quum
370 3409 480 3464 coccini
495 3412 666 3480 praesagium
695 3426 803 3480 prorsus
828 3428 906 3464 secus
929 3413 1052 3478 caderet,
1072 3414 1099 3464 in
1119 3425 1229 3482 magnas
1251 3413 1367 3464 iniectas

269 3489 310 3534 est
327 3479 499 3534 difficultates
518 3483 681 3550 imperator,
702 3492 731 3536 ut
753 3484 822 3554 quod
842 3483 900 3536 beri
920 3483 965 3536 vel
984 3484 1080 3536 nudius
1100 3487 1194 3538 tentius
1216 3484 1324 3537 admisit
1343 3492 1368 3532 et

267 3553 453 3606 lubentissime
472 3554 592 3618 eredidit,
613 3555 638 3607 id
657 3557 708 3607 iam
728 3557 867 3622 ambiguus
881 3563 1003 3607 versaret
1019 3556 1219 3623 captationibus
1234 3565 1263 3609 et
1280 3556 1368 3610 vebs.

163 3653 167 3662 ·
225 3671 228 3676 .
267 3627 431 3679 meritissima
446 3625 619 3679 consiliorum
635 3625 811 3680 fluctuatione
822 3629 937 3696 agitatus
954 3643 1039 3696 nugas
1052 3628 1116 3679 istas
1135 3628 1368 3696 abiectumque,

269 3713 336 3767 quos
354 3712 409 3750 noa
428 3699 541 3766 puderet
562 3699 588 3750 iu
609 3707 660 3751 tam
679 3699 828 3751 manifestis
848 3697 992 3750 mendaciis
1012 3699 1297 3766 deprehendimultis
1316 3713 1368 3768 op.

239 3787 244 3798 ·
267 3769 385 3836 probriis
412 3771 526 3822 obruere
553 3779 704 3823 conaretur.
741 3770 789 3822 sed
816 3785 907 3821 rursus
933 3769 981 3821 ille
1007 3772 1207 3838 praesagiorum
1227 3779 1320 3824 auetor
1337 3771 1368 3822 ad

271 3854 329 3890 eum
350 3839 465 3902 aceedit;
493 3842 634 3894 veritatem
666 3841 734 3893 falso
760 3843 959 3908 interpretando
996 3849 1022 3892 et
1053 3849 1151 3893 certam
1169 3842 1367 3910 simplicitatem

270 3909 474 3962 transcurrendo
497 3927 556 3962 eum
575 3912 625 3964 sibi
646 3909 819 3977 reconciliat;
849 3913 916 3963 haue
937 3913 1085 3965 aduersarii
1105 3914 1241 3965 cuiusdam
1260 3913 1368 3981 spiritns

136 4019 139 4026 λ
219 3981 223 3990 ’
271 3995 332 4033 esse
352 3981 405 4034 vim
424 3981 498 4044 dicit,
518 3984 563 4049 qui
583 3985 703 4036 ardorem
722 3985 829 4051 pietatis
848 3986 1016 4052 restinguere
1044 3991 1070 4036 et
1089 3985 1284 4050 persecutionis
1302 4001 1368 4036 cur.

270 4066 328 4103 sum
349 4049 530 4104 fraudulenter
551 4053 673 4108 inhibere
692 4055 767 4108 velit.
799 4055 882 4122 „baec
901 4059 980 4107 etiam
1000 4055 1150 4124 exploratio
1170 4057 1295 4124 quaedam
1316 4066 1367 4122 est,

268 4121 372 4194 inquit,
400 4137 415 4176 a
441 4125 491 4178 deo
510 4127 629 4180 instituta
656 4137 682 4182 et
701 4128 835 4197 praelusio
860 4125 974 4181 fortasse
1001 4127 1105 4180 laturae
1123 4127 1312 4198 beatitudinis,
1333 4145 1367 4184 ne
