2872 4784
225 238 448 306 armonian
473 237 731 322 srmmunaa
753 221 1051 312 usarii-td.
1125 238 1201 312 ort

98 397 378 480 κόνόπσδειῑιοοκ
400 404 433 468 ίν
454 409 518 476 τοῖς
540 405 733 485 θινλογικοῖς
754 405 891 486 δόγμασι
921 403 997 480 roda
1017 387 1198 491 dnspss'u-
1422 404 1430 438 ¹

98 499 174 574 νοός
199 509 265 565 τῶν
287 505 397 584 σοφοόν
418 501 616 568 διδασκάλων
637 505 693 586 τῆς
716 502 880 588 ἐκκλησίας
903 502 1016 588 λόγους
1035 500 1118 570 εἶναι
1138 529 1204 570 κα-.

98 605 161 676 λαός
182 599 412 687 ἑδιδόχθημτν.
456 599 472 666 ό
494 607 602 668 τοίνυν
622 604 666 688 μη
681 613 746 680 τοῖς
762 603 913 682 τοιούτοις
929 601 1081 687 ἑπόμενος
1101 601 1197 691 ὅροις,

98 696 176 766 ὅθεν
198 703 261 778 ἕξει
280 691 502 768 πιστοόσσσθαι
521 700 605 786 ἔχειν
626 704 804 785 eddiderat»,
832 706 890 769 σόκ
914 701 954 770 δν
976 703 1055 789 ἔχοι.

71 829 88 882 5
206 805 273 866 Καί
295 807 420 886 πρῶτον
447 807 506 883 μὲν
529 810 620 870 τοῦτο
644 808 786 870 τιθέσθω
819 810 874 891 τη“ς
895 812 954 890 σῆς
974 808 1121 890 ἀσεβείας
1145 811 1265 883 ἐν-,ιο

99 903 266 986 δεικτικὸν,
289 901 436 985 δεότιρον
458 906 486 966 δ’
508 897 559 968 ότι
582 907 613 970 ἓν
627 905 661 970 τό
686 900 830 972 όκτιστον
850 908 1009 992 τηνθιιόιν
1029 902 1108 974 εἶναι
1131 911 1206 994 φό-Δ

98 1027 152 1070 σιν
173 1001 324 1070 εἰπόντων
346 1004 454 1088 ἡμῶν,
478 1004 532 1070 καί
553 1009 677 1086 πολλῶν
709 1006 826 1084 πολλός
849 1010 948 1092 δγίοον
974 1007 1103 1096 γραρός
1125 1011 1199 1076 όνό-
1271 1017 1292 1050 ““

97 1106 182 1185 μασί
203 1129 236 1168 τε
259 1107 314 1169 καί
344 1103 498 1188 νοήμασιν
520 1103 710 1190 δηηοφοόνοος
731 1107 981 1192 προενεγκόντοσν
1003 1112 1048 1186 εἰς
1083 1114 1199 1192 ἐναργῆ
1210 1133 1229 1188 ς,
1242 1093 1328 1188 ςςση,

99 1205 157 1270 κατ’
177 1207 402 1291 ἀναντίρρητον
421 1206 583 1286 σ’πόδειξιν
604 1209 659 1290 τῆς
675 1212 881 1292 προτεθείσης
902 1215 1054 1291 σκίψεως,
1078 1210 1116 1274 οιί
1137 1211 1201 1290 μό-

55 1324 90 1378 ιο
100 1331 155 1372 νον
178 1307 331 1386 οὐδεμίαν
365 1306 460 1382 αότός
480 1307 644 1401 α’ντίθεσιν
666 1310 770 1390 εὑρεῖν
792 1310 970 1396 ίδονηθης,
997 1311 1073 1375 οόδὲ
1095 1313 1199 1390 δεῖξαι

99 1409 165 1472 τοῖν
190 1405 314 1472 πόντιον
335 1406 434 1489 όγιότν
454 1405 621 1474 ὁντιναοῦν
643 1413 740 1473 πλείω
769 1410 823 1472 τοῦ
854 1404 922 1485 ἑνός
943 1404 1025 1476 εἶναι
1049 1411 1087 1476 τό
1109 1403 1203 1476 ‹dress--¹

98 1533 159 1572 osu
182 1513 322 1588 λέγοντα,
345 1505 426 1574 α’λλό
444 1508 499 1572 καί
518 1507 591 1582 τσός
607 1511 751 1591 λέγοντας
772 1514 966 1600 παραλογίζῃ
987 1514 1043 1576 καί
1062 1516 1200 1594 α’θεττϊς,

100 1608 235 1692 κοίτην
258 1612 431 1694 α’πολογίιιν
452 1605 589 1674 ὕπουλον
619 1610 817 1694 προβάλλεις,
840 1610 1040 1694 ἐπειγόμενος
1060 1619 1119 1696 μὲν
1141 1623 1199 1680 λσ-

98 1715 182 1788 Μν,
204 1709 242 1772 ori
268 1709 441 1790 δαιόμενος
465 1712 508 1774 δέ.
552 1714 607 1775 καί
628 1709 690 1793 ηόρ
713 1713 911 1792 πρῶτονμὲν
933 1708 1033 1790 δόλιος
1055 1713 1199 1780 ἐνταῦθα
1227 1773 1236 1780 .
1259 1771 1273 1782 .

53 1811 144 1894 15μὴ
167 1807 265 1894 μόνον
294 1814 327 1889 ἐξ
357 1808 537 1887 ὑποθέσεως
566 1808 786 1876 α’νοπσστότσο
817 1817 986 1894 λαμβάνον
1014 1819 1070 1879 κατ’
1101 1821 1200 1890 τιθείς

99 1911 226 1980 οἴκοθεν
241 1903 348 1990 αδτός,
370 1905 447 1994 ὅπερ
474 1912 642 1986 ἀσθενείας
662 1914 797 1996 ἐσχάτης
816 1910 1017 1991 ἐνδεικτικόν,
1042 1915 1121 1980 diti
1144 1917 1201 1982 κατ’

97 2017 178 2096 μετὰ
210 2007 334 2100 όρθρσο
366 2015 421 2096 τῆς
454 2011 610 2099 ζητήσεως
638 2007 735 2098 οόσης
769 2016 870 2090 δείξαι
905 2015 938 2078 τό
971 2008 1116 2082 οἴκτιστον
1151 2011 1201 2080 ότι

99 2113 187 2180 ἔστιν
209 2119 263 2198 ἓν,
286 2107 413 2204 όρθροο
435 2119 535 2196 χωρίς
557 2112 656 2192 αότός
677 2113 935 2202 οἷνθοπηνεγκας,
955 2122 1052 2200 λόγον
1075 2123 1120 2193 τίς
1142 2121 1201 2182 σόκ

99 2211 183 2280 οἶδεν
209 2213 258 2280 ότι
281 2219 314 2282 ἓν
329 2210 477 2282 όκτιστόν
502 2214 620 2282 ἐστινὸ
644 2213 729 2290 θεός.
750 2215 805 2280 καί
824 2220 967 2297 βεβαιοῖς
989 2216 1042 2284 διό
1067 2222 1122 2301 τῆς
1143 2222 1202 2303 ση”ς

53 2318 251 2402 τατσιαότης
272 2321 469 2400 ἀποκρίσεως
493 2319 582 2384 δυοῖν
604 2317 753 2401 θάτερον,
783 2311 804 2402 ἢ
825 2313 870 2384 ότι
892 2317 1009 2394 πολλός
1031 2319 1085 2384 καί
1107 2321 1202 2386 daed-

100 2443 178 2505 ροος
199 2421 255 2484 κατ’
276 2415 451 2506 όφειμένος
484 2421 541 2486 καί
562 2417 737 2505 διαφόρους
771 2417 912 2500 δοξάζων
933 2419 1087 2504 θεότητος
1110 2421 1206 2486 ἄντί-ι,

177 2639 219 2693 16.
243 2643 359 2698 οἴκοθεν
378 2634 465 2702 ιιόιδς
483 2639 631 2694 Βοὶνίοοττ
658 2647 826 2695 evanuerunt
846 2639 954 2696 litterae
973 2646 1061 2698 κοθτν
1079 2640 1125 2696 αδ.

101 2847 225 2904 gressum
250 2829 413 2884 instabilem.
449 2844 556 2884 normas
576 2831 645 2883 enim
665 2839 693 2883 st
712 2829 821 2900 ramim
839 2831 1143 2894 demonstrationum
1162 2831 1201 2884 li.

102 2913 176 2958 teras
196 2904 387 2971 pertinentium
405 2903 433 2954 iu
451 2903 583 2971 dogmatis
600 2901 765 2972 theologicis
786 2917 846 2954 esse
870 2901 1033 2971 dogmaticas
1051 2904 1200 2971 sapientam

102 2975 239 3030 eeclesiae
259 2975 444 3044 magistrorum
463 2975 610 3026 sententias
629 2972 698 3026 bene
723 2975 812 3027 edocti
831 2989 929 3026 sumus.

204 3072 254 3138 Qui
279 3072 361 3142 igitur
387 3071 454 3122 iales
477 3085 584 3122 normas
603 3071 740 3139 sequitur,
764 3071 787 3124 is
807 3085 859 3122 nou
883 3071 997 3136 habeat,
1018 3071 1087 3122 unde
1107 3071 1201 3138 probet

101 3145 181 3197 nobis
202 3145 326 3212 pietatem
352 3157 441 3207 suam,
467 3147 548 3210 atque
577 3142 628 3194 hoc
655 3143 765 3210 primum
786 3150 843 3194 esto
867 3143 1012 3209 impietatis
1033 3151 1094 3193 tune
1113 3144 1200 3194 docu.

101 3215 235 3270 mentum!
273 3214 370 3266 deindo
389 3229 448 3266 cum
469 3229 547 3264 unum
567 3215 713 3266 increatum
735 3229 794 3266 ease
815 3221 934 3267 naturam
956 3215 1071 3266 diuinam
1093 3214 1200 3266 dicere.

101 3303 162 3340 mus
177 3295 204 3339 et
222 3285 364 3339 multorum
384 3293 535 3336 sauctorum
556 3285 654 3338 multos
673 3285 757 3338 libros
777 3285 867 3338 verbis
894 3294 921 3338 et
939 3287 1064 3354 cogitatis
1083 3301 1200 3338 consen.

101 3363 203 3414 tientes
225 3358 406 3426 proferremus
424 3357 456 3410 ad
469 3358 634 3410 manifestam
655 3363 681 3407 ut
700 3357 893 3410 inscrutabilem
913 3358 1096 3426 probationem
1116 3375 1202 3428 quae.

101 3431 199 3484 ationis
219 3430 384 3497 propositae,
410 3442 464 3479 nou
483 3431 560 3481 modo
585 3428 686 3481 auidam
708 3429 767 3496 ipse
786 3432 982 3496 oppositionem
1007 3431 1130 3482 invenire
1150 3446 1202 3497 po.

101 3504 177 3556 tuisti
195 3516 284 3570 neque
303 3499 445 3552 ostendere
464 3502 579 3552 omnium
608 3505 757 3552 sanctorum
778 3517 935 3570 quemquam
964 3501 1008 3568 qui
1027 3500 1104 3568 plora
1125 3517 1202 3570 quam

101 3590 183 3628 nuum
205 3588 265 3624 esse
286 3574 405 3624 increata
424 3571 535 3636 diceret,
559 3571 703 3624 sedetiam
724 3587 782 3634 eos,
801 3573 847 3639 qui
866 3571 916 3624 hoo
937 3574 1038 3635 dicunt,
1057 3587 1202 3640 argumen.

101 3648 182 3700 tando
205 3644 353 3710 corrumpis
381 3651 407 3695 ot
425 3645 588 3708 contemnis,
616 3651 643 3694 et
669 3639 852 3695 defensionem
873 3642 1065 3694 iraudulentum
1086 3643 1201 3710 profers,

102 3733 161 3771 oum
185 3723 293 3768 coaetus
312 3716 349 3767 sis
370 3715 464 3778 latere,
488 3717 606 3768 sednon
627 3713 724 3781 possis.
763 3717 859 3767 etenim
884 3716 997 3782 primum
1017 3713 1201 3784 deprehensus

102 3806 132 3842 es
152 3790 197 3841 hio
219 3801 274 3838 nou
295 3788 372 3839 modo
398 3803 432 3838 ex
462 3789 595 3855 opinione,
610 3799 677 3838 vanu
699 3799 836 3839 assumens
851 3793 878 3838 et
895 3800 1066 3854 proponens,
1085 3787 1111 3838 id
1131 3787 1201 3856 quod

102 3870 240 3915 extremae
257 3858 451 3911 imbecillitatis
472 3866 512 3910 est
529 3861 735 3922 documentum,
754 3857 801 3908 sod
823 3861 918 3922 etiam,
939 3873 998 3909 com
1020 3867 1113 3927 agatur
1136 3859 1202 3910 “in.

101 3932 240 3986 creatum·
263 3944 321 3980 cum
339 3931 453 3982 articulo
474 3932 654 3993 coniunctum,
673 3938 702 3980 ut
722 3929 843 3981 nimirum
871 3930 1034 3994 ostendatur,
1056 3931 1202 3982 increatam

104 4020 165 4058 osse
186 4017 277 4065 anum,
298 4010 326 4052 tu
345 4001 459 4054 articulo
485 4002 612 4070 neglecto
641 4003 699 4067 ipso
732 4001 857 4054 obiecisti
884 4001 960 4054 draeo.
1007 4004 1066 4070 quis
1087 4003 1203 4070 ignorat,

105 4091 186 4130 unum
206 4075 356 4127 increatum
383 4089 442 4125 esse
469 4071 572 4125 deum'i
622 4083 649 4125 et
677 4073 793 4126 adfirmas
816 4073 865 4126 taii
895 4075 1072 4140 responsione
1094 4073 1205 4125 alterum

105 4156 212 4202 atrurn:
241 4153 287 4198 sot
312 4147 382 4198 enin
405 4153 433 4198 et
451 4145 566 4198 influitss
592 4153 619 4198 et
645 4144 787 4201 submissas
815 4151 841 4198 ot
866 4145 986 4200 diversas
1015 4147 1126 4200 eredens
1146 4159 1206 4198 esse
