2862 4784
245 269 296 350 rt
334 375 338 380 .
549 273 775 344 maternum
804 267 1035 340 carcerae

246 439 369 512 κου’τοις
401 434 534 512 άλκάάες
560 441 812 504 συσκευασθεῖεν
841 433 873 512 ἐξ
905 435 968 496 τῶν
990 431 1073 496 πάνυ
1096 430 1263 514 μεγίσταν,
1286 457 1344 514 μη.

246 538 350 622 χσνάς
370 539 572 613 παντοδαπάς
593 541 648 602 καί
669 533 798 611 ὁπλίτας
821 535 970 618 ἀρίστους
983 539 1144 619 φέρουσαι
1167 535 1342 612 πλείστους,

247 643 369 724 καίριον
403 635 464 724 ἤδη
496 643 684 722 νομισθῆναι
715 645 780 711 τοῖς
808 631 908 700 άπασι
936 633 1052 708 πάσαις
1086 632 1167 715 ὁμοῦ
1191 630 1344 714 δυνάμεσι

246 739 501 827 προσελάσαντος
530 741 758 805 κυκλώσασθαι
787 736 822 800 τά
857 739 1013 821 φρούριον
1052 735 1246 821 αίθημερόν.
1295 738 1346 798 καί

247 843 367 912 τοτ’τοον
391 840 510 906 σίτοισί
533 843 761 922 πεπραγμένων
796 839 1091 922 άνυσθῆοαισφίσι
1114 838 1215 921 μηδὲν
1234 837 1368 920 ἤκιρκό.5

247 969 350 1026 τιμον,
373 943 416 1018 τίς
437 942 613 1024 ἀπογνόντα
637 939 747 1006 λοιπὸν
770 936 822 1004 τάν
846 941 902 1020 τῆς
923 942 1073 1021 ναυτικῆς
1093 940 1156 1002 τοῖν
1170 941 1345 1003 Βενετικῶν

247 1045 412 1126 δυνάμεως
439 1045 603 1124 ναύαρχοι
632 1045 688 1104 τοῦ
716 1045 775 1120 μὲν
797 1043 935 1119 πολέμου
965 1037 1116 1120 διάδοχον
1138 1037 1270 1124 α’φιῖναι
1292 1035 1345 1102 τάν

246 1149 401 1228 βασιλέα,
437 1142 534 1208 adsis
567 1145 603 1206 dt
632 1143 779 1224 μαθρντα
809 1135 868 1224 ἤδη
891 1143 946 1203 καί
973 1135 1112 1222 τριήρεις
1138 1134 1171 1202 ἐκ
1193 1141 1222 1202 Γ
1220 1139 1346 1213 εννοὺας

246 1243 391 1331 ἐξήκοντα
418 1243 506 1327 παρά
535 1245 641 1335 πᾶσαν
669 1243 864 1324 άναχομέυας
885 1243 1020 1320 ἐλπίδα,
1047 1235 1136 1314 ὅλαις
1166 1233 1347 1324 ἀναχωρεῖν

247 1348 401 1429 πορείαις.
1357 1361 1387 1414 to

181 1458 236 1512 11
331 1446 402 1512 Καί
429 1443 452 1510 ά
478 1449 537 1526 μὲν
569 1446 721 1528 άμυδροῖς
754 1445 855 1519 ατίτός
876 1440 1037 1526 ἤκηκάειν,
1072 1440 1206 1528 ἔκδημος
1228 1437 1273 1506 σάν
1293 1446 1347 1524 τῆς

249 1549 410 1631 πατρίδος,
431 1549 519 1614 ταῦτ’
550 1544 653 1612 ἐστίν·
698 1543 792 1618 αι’τὸς
823 1547 852 1610 d'
872 1539 911 1608 άυ
931 1569 985 1625 μοι
1007 1549 1109 1627 λέγοις
1130 1545 1348 1629 τάληθέστεριί

248 1673 281 1714 aa
308 1651 364 1713 καί
384 1645 577 1730 βεβαιότερα
603 1651 665 1712 τοῖν
688 1649 846 1712 ἐνταυθοῖ
863 1650 1091 1730 πεπραγμένων
1123 1647 1268 1726 ἐκείνων,
1293 1652 1348 1730 τῆς

139 1749 148 1758 “
248 1745 438 1835 ιίφηχὴσεοος
459 1747 648 1834 προϊούσης,
668 1747 851 1830 προστιθείς
881 1751 915 1811 ἐν
944 1747 1046 1832 ταιίτρλ
1071 1745 1125 1810 καί
1143 1744 1182 1810 τά
1205 1749 1270 1812 τῶν
1292 1773 1349 1812 πε-

248 1853 436 1935 πραγμένων
456 1845 553 1916 αἴτια.
598 1851 655 1914 νῦν
677 1851 706 1910 δ’
729 1840 773 1914 (ἐν
794 1848 891 1924 ατίιὸς
913 1847 1076 1932 αυ’το’πτης
1097 1835 1168 1930 ἑξῆς
1193 1846 1386 1934 ἐγενάμηνλᾶ

248 1951 316 2018 ἐκεῖ
334 1950 456 2034 παράυ,
478 1943 544 2034 τίμι
567 1949 760 2033 ἐρῶναιέτὸς
782 1949 896 2014 αιίτίκα
920 1949 975 2014 τὸν
996 1950 1179 2030 λεπτότερον
1201 1947 1257 2013 καί
1277 1952 1349 2012 καθ’

248 2057 363 2119 hesso
384 2053 512 2134 aprinos.
544 2049 779 2144 ἐπαναληπτέον
804 2055 911 2115 τοίνυν
932 2050 988 2116 τάν
1011 2047 1101 2133 λόγον
1125 2045 1187 2140 ὅπῃ
1208 2047 1244 2115 τά
1269 2053 1351 2132 πρά-

249 2175 340 2236 ττρον
361 2149 449 2234 ἴχνος
472 2154 641 2232 ἐλιπομεν,
666 2154 718 2216 ἳνα
735 2149 768 2215 τά
790 2155 845 2234 τῆς
865 2152 1008 2234 ἱστορίας
1034 2155 1175 2238 συναφὲς
1209 2149 1268 2236 τὴν
1292 2157 1351 2216 τοῦ

251 2258 378 2339 σαφοῦς
399 2250 562 2338 ῥαστώνην
583 2253 693 2338 adpraei
716 2254 842 2340 παρέχῃ
865 2263 929 2338 τοῖς
952 2252 1208 2336 ἐντυγχάνουσιν.

80 2397 84 2404 -
184 2370 241 2426 n
342 2344 476 2436 Ἔτυχον
498 2355 557 2433 μὲν
579 2353 640 2436 ἐγώ
664 2353 836 2436 διατρίβων
863 2354 937 2436 περί
957 2351 995 2417 τά
1019 2361 1112 2418 κοῖλα
1133 2357 1189 2436 τῆς
1210 2354 1389 2435 Είβοιλτςσο

252 2456 307 2520 aaa*
327 2451 503 2538 Κάρυστον
521 2453 610 2519 πάλιν
631 2457 773 2538 λη’χσντος
795 2449 855 2538 ἤδη
877 2461 936 2518 τοῦ
960 2459 1089 2540 θέρους,
1106 2459 1160 2520 καί
1180 2461 1353 2542 τηνικαῦτα
1423 2487 1424 2504 ¹

252 2559 417 2639 ξυνίβαινε
439 2561 610 2620 καταπλεῖν
633 2557 666 2630 ἐς
687 2553 806 2640 Ὠρεόν,
828 2557 919 2620 πάλιν
940 2555 1080 2637 Εὐβοίας
1100 2555 1275 2644 εὐλίμενον,
1296 2556 1354 2635 τάς

1052 2703 1064 2733 Ι

253 2866 304 2906 aex
319 2865 404 2904 naves
422 2851 559 2905 onerarias
578 2850 704 2902 maximas
723 2849 794 2901 omui
815 2865 916 2918 genere
936 2849 1117 2902 machinarum
1136 2857 1163 2902 et
1186 2851 1279 2918 grume
1306 2867 1353 2903 ar.
1422 2849 1423 2852 ’

254 2931 372 2976 maturae
391 2921 521 2974 militibus
540 2922 662 2990 plurimis
683 2921 889 2990 fortissimisque
907 2921 1050 2975 instructas
1070 2930 1281 2988 comparassent,
1300 2924 1355 2975 ianr

254 2993 375 3046 omnibus
393 2993 518 3046 idoneum
535 3002 638 3061 tempus
650 2993 736 3045 risum
758 3007 816 3045 esse
838 2995 942 3045 cunctis
962 2995 1048 3061 copiis
1066 2995 1187 3061 protinus
1210 2993 1354 3046 castellum

256 3065 393 3118 adoriendi
412 3071 491 3134 utque
511 3065 659 3116 obsidendi.
697 3063 745 3116 tali
765 3067 869 3116 ratione
888 3065 967 3116 rebus
987 3066 1117 3118 institutis
1135 3063 1204 3116 nibil
1224 3065 1354 3118 abiis-ad

256 3137 355 3190 exitum
375 3137 516 3189 adductum
537 3153 607 3200 esse,
627 3135 814 3202 audiebamus,
837 3137 872 3187 ita
895 3145 924 3187 ut
945 3135 1037 3188 classis
1058 3135 1176 3188 Venetae
1198 3136 1354 3203 praefectus
1421 3173 1422 3182 ι

254 3225 284 3262 ιε
304 3210 353 3259 λεια
373 3208 513 3276 desperata
538 3215 565 3258 et
582 3207 766 3274 Imperatore,
795 3209 840 3276 qui
870 3207 969 3260 bellum
997 3215 1227 3276 persequeretur,
1255 3209 1354 3261 relicte
1421 3241 1422 3268 2

254 3293 352 3332 summa
374 3277 546 3330 festinatione
566 3280 724 3330 recessisset
743 3281 843 3331 certior
866 3280 961 3343 iactus,
983 3281 1015 3331 ab
1029 3281 1121 3334 Genua
1140 3282 1191 3330 iam
1211 3282 1354 3349 sexaginte

254 3351 377 3402 triremes
397 3359 504 3418 praeter
523 3351 638 3401 omnium
658 3352 884 3416 exspectationem
904 3354 931 3402 in
951 3350 1031 3403 altum
1052 3359 1160 3404 evectas
1181 3353 1273 3404 esse.'

354 3445 426 3500 Haec
445 3447 569 3515 equidem
588 3462 603 3497 a
622 3447 708 3514 patria
725 3457 843 3500 remotus
869 3449 944 3516 quasi
969 3464 1017 3515 per
1041 3447 1165 3500 nebulam
1190 3449 1300 3512 audivi3
1328 3459 1356 3502 tu

255 3529 343 3574 autem
363 3520 518 3574 narratione
536 3517 726 3587 progrediente
746 3521 852 3572 veriora
872 3519 1000 3588 quaedum
1019 3529 1099 3587 atque
1121 3521 1238 3572 certiora
1256 3521 1292 3574 de
1309 3538 1356 3574 re.

255 3593 304 3646 bus
323 3591 440 3646 biotam
465 3591 550 3659 gestis
573 3605 691 3657 expones
711 3591 805 3644 additis
833 3593 912 3643 etiam
936 3607 1022 3644 rerum
1047 3594 1144 3644 causis.
1187 3609 1261 3646 nuuc
1290 3609 1355 3648 vero
1420 3591 1421 3638 i

256 3681 309 3729 res,
330 3680 440 3732 quarum
459 3666 518 3732 ipse
536 3661 595 3714 illie
613 3670 748 3730 spectator
761 3663 808 3728 fui,
828 3679 861 3714 ex
880 3663 973 3716 ordine
993 3662 1041 3716 tibi
1055 3672 1178 3714 accurate
1197 3673 1282 3732 atque
1298 3669 1357 3718 sin-

256 3735 370 3802 giilatiur
391 3737 517 3788 referam.
554 3735 742 3787 revertendum
760 3735 842 3802 igitur
860 3735 937 3788 nobie
958 3744 998 3788 est
1018 3735 1051 3786 ud
1075 3736 1119 3800 id,
1143 3737 1214 3788 unde
1239 3737 1357 3806 digressi

257 3821 357 3870 sumus,
377 3815 406 3858 ut
424 3806 553 3858 historiae
578 3807 739 3858 continuitas
758 3805 923 3872 praeclaram
942 3823 1029 3860 rerum
1053 3808 1215 3876 cognitionis
1235 3808 1358 3861 facilita-

258 3884 309 3928 tem
329 3877 465 3944 praebeat,
485 3891 553 3946 quae
571 3878 641 3929 inest
658 3879 685 3928 in
703 3880 903 3946 perspicuitate.

360 3973 444 4038 Quum
471 3973 553 4042 igitur
572 3976 643 4026 circa
662 3975 752 4028 iudces
773 3977 899 4030 Euboeae
921 3985 948 4028 et
968 3977 1106 4044 Carystum
1126 3975 1218 4028 urbem
1239 3985 1359 4030 exeunte
1419 3977 1420 3996 ¹

259 4047 310 4098 iam
331 4053 433 4097 aestate
451 4059 638 4111 commorarer,
658 4047 830 4115 adoreum,
855 4049 982 4101 Euboeae
1001 4049 1092 4102 urbem
1119 4057 1199 4116 portu
1226 4041 1359 4110 ornatam,

260 4117 414 4186 quindecim
434 4117 498 4169 iliae
517 4131 601 4170 naves
617 4119 734 4171 Venetae
753 4121 924 4190 appulerunt,
945 4137 1009 4188 quas
1031 4137 1064 4172 ex
1082 4119 1212 4188 portubus
1232 4119 1360 4189 Byzantii

259 4189 409 4244 recessisse
427 4205 507 4258 supra
527 4189 774 4246 demonstravimus.
795 4201 856 4246 octo
876 4200 964 4246 auteur
972 4193 1138 4248 Cretensium
1159 4193 1360 4247 triremesinde
