2872 4784
208 229 431 303 maronias
458 211 1038 301 numanati-ti.
1122 219 1195 302 etr

198 397 312 458 Turiru
332 392 385 458 κατ’
405 394 504 458 πλεέιο
527 391 605 474 πρδς
622 389 744 468 τούτοις
772 391 863 474 ἕτερα
884 390 1037 478 ‚durande
1059 387 1076 456 ὅ
1102 392 1264 482 καλὸς..

92 493 329 578 Ἀγαθάχγελος
359 475 456 582 ᾤ’χετο
489 490 595 556 α’πιάν
625 491 699 576 napi
728 494 832 571 μέσας
864 515 926 555 που
945 491 1076 574 νύκτας,
1099 487 1197 571 αὖθις

90 591 171 668 toric
193 592 364 677 ἡμετέρους
387 595 522 679 δημίους
544 593 654 669 λαθάν
671 596 726 658 καί
745 593 821 667 toric
845 591 1016 678 θηριοάδεις
1038 591 1196 680 φάλακας,

88 685 193 772 μόνον
213 696 270 775 ἐμὲ
292 692 526 768 καταλελοιπώς
549 697 589 780 τῇ
619 695 712 780 στενή
734 690 788 756 κατ’
808 693 895 780 δεινῇ
923 695 1072 778 συνήθως
1094 698 1194 782 ἐκείνη

60 797 201 882 5διαέτη
220 793 398 878 χράμενονε
636 871 649 900 λ.

190 891 288 977 'Apu
309 897 345 960 di
362 899 422 961 τοῦ
442 898 511 981 [μὲν
544 896 752 981 ἐφεστηκότος
783 893 935 978 λήξαντος
962 892 1061 977 ἔτους,
1081 897 1138 960 rosi
1158 897 1193 960 δὲ

87 991 165 1081 ἑξῆς
187 995 440 1080 ἐνδημήσαντος,
462 994 498 1060 τά
528 994 695 1076 Ῥωμαίων
726 992 830 1060 ἐνόσει
862 995 918 1060 τοῦ
938 993 1087 1072 εἰωθότος
1119 994 1195 1062 ἐπέ-

87 1121 181 1162 κεινα
203 1091 376 1178 πράγματα
406 1093 460 1160 διά
482 1120 515 1160 το
540 1095 606 1178 Ιτήν
636 1096 790 1160 εἰωθυῖαν
812 1084 951 1180 Περσάν
981 1095 1193 1182 ἐπικράτειαν,

88 1197 135 1280 ἣν
163 1189 224 1282 ἤδη
253 1197 521 1282 Καντακουζηνοῦ
542 1191 746 1277 προδιδόντος
777 1186 853 1278 άχρι
876 1199 986 1260 πυλοδν
1017 1193 1193 1278 ἐσχήκεσαν

43 1321 78 1374 10
91 1298 290 1376 Βυζαντίων,
311 1295 355 1372 αἱς
377 1298 505 1372 οἰκείοις
536 1297 612 1371 τέιος
632 1295 796 1379 ,χρεόμενοιι
814 1319 849 1360 τε
876 1297 931 1360 καί
952 1295 1192 1380 καταχρώμενοι
1290 1369 1316 1384 ,-

86 1394 137 1478 μή
161 1399 343 1479 πράγμασιν
365 1392 464 1462 άπασι
485 1399 601 1481 μόνον,
632 1395 711 1462 died
744 1397 798 1462 καί
828 1407 979 1480 γυναῖκας
1002 1401 1055 1464 καί
1074 1401 1193 1476 παῖδας
1248 1436 1252 1444 -

87 1495 248 1579 α’νδράσιν
268 1495 351 1577 ὁμοῦ
372 1496 452 1580 πρὸς
473 1503 537 1562 πάν
557 1496 592 1562 τὸ
623 1494 816 1580 βουλόμενον
846 1491 975 1581 ἔχοντές
997 1523 1031 1563 τε
1053 1499 1111 1564 καί
1132 1503 1192 1586 φέ.

87 1619 208 1678 ροντες,
234 1596 292 1660 osia
316 1593 376 1675 ἔξω
399 1597 521 1663 πόλεων
541 1597 584 1673 ὥς
617 1596 692 1679 πρίν
721 1601 977 1681 repudiandum
1010 1597 1065 1663 κατ’
1085 1625 1193 1682 παρα-

90 1701 229 1778 θέοντες,
251 1694 319 1762 ἄλλ’
340 1697 433 1763 ένδὸν
455 1695 515 1784 ήδη
540 1697 722 1779 παυσάμενοι
752 1697 825 1776 rosia
857 1701 1098 1784 ουνοικισμυάς,
1119 1706 1193 1765 καθ’

45 1825 80 1877 15
91 1795 209 1863 δπάοον
233 1797 288 1863 καί
307 1792 372 1866 οἷον
394 1799 447 1864 καί
478 1793 559 1864 ὅπου
597 1802 651 1864 καί
680 1797 734 1864 δτι
761 1799 795 1864 τά
817 1803 871 1884 τής
901 1803 1009 1884 ψυχῆς
1030 1799 1192 1882 ἐρεκτικδν

87 1897 256 1964 ὑπετίθετο
277 1903 389 1986 σφίσιν
412 1900 671 1986 ἐπιτροπεύοντες
685 1898 740 1964 κατ’
754 1902 947 1975 δεσποτικῶς
970 1897 1192 1977 ἐπιτάττοντες.

183 1991 268 2085 Ἤδη
295 2002 330 2065 δέ
362 2005 421 2064 τοῦ
444 2002 653 2086 φθινοπώρου
677 2000 846 2086 λήγοντος,
868 2003 946 2085 περί
962 2023 1024 2065 που
1044 1999 1083 2066 τά
1106 2005 1255 2092 pedon„

85 2103 165 2180 μτάς
185 2091 252 2166 auiu'
269 2105 391 2166 νυκτῶν
407 2100 487 2186 α’κοή
502 2125 551 2176 τις
567 2103 728 2189 αἰφνίδιος
749 2101 783 2166 τέ
800 2103 978 2181 Βυζάντιον
1000 2095 1191 2188 περιήχησεν

88 2196 189 2283 ἅπαν,
212 2195 294 2266 εἰναι
322 2203 445 2286 τείχους
478 2203 567 2280 ἐντδς
602 2207 738 2286 βασιλέα
774 2202 999 2286 Παλαιολάγον
1031 2200 1085 2268 τὸν
1109 2207 1190 2287 νέον,

43 2325 78 2380 20
88 2305 279 2384 συμμαχίας
315 2302 417 2388 πάσης
444 2303 629 2389 άλλοφάλσυ
659 2305 758 2388 χοιρίς
786 2298 960 2390 άφιχμένσν
981 2315 1134 2388 ,τριταῖον
1155 2310 1190 2370 ἐκ

92 2403 230 2466 Τενέδου
253 2407 309 2486 τῆς
331 2400 441 2487 νήσου,
461 2405 597 2488 μηδενὸς
619 2407 812 2486 αἰσθομένου
834 2403 887 2468 τδν
907 2402 1076 2485 εἴσπλουν,
1098 2409 1191 2492 μεγέ-

86 2526 182 2576 σταις
213 2506 273 2584 μέν
301 2505 445 2590 τριήρεσι
478 2507 589 2588 δυοῖν,
618 2505 772 2590 μονήρεσι
801 2508 831 2569 δ’
860 2499 1026 2571 ἑκκαίδεκα
1058 2505 1111 2570 διά
1134 2509 1191 2571 τοῦ

86 2601 168 2687 πρὸς
186 2603 229 2668 ico
252 2609 377 2688 λιμένος
398 2609 454 2672 καὶ
473 2605 608 2692 νεωρίου
630 2605 849 2689 εἰσελάσαντα,
871 2597 916 2671 ὧν
931 2605 969 2672 ui
986 2609 1044 2686 μὲν
1063 2605 1189 2672 οἴκοθεν

189 2840 347 2912 Postquam.
364 2841 432 2894 baec
458 2850 485 2896 et
508 2850 615 2912 praeter
632 2842 699 2896 baec
727 2841 804 2912 plura
830 2843 913 2908 dixit,
932 2844 1058 2897 discessit
1075 2843 1188 2912 pulcher

87 2909 292 2982 Agathangelua
317 2915 404 2966 media
434 2915 492 2967 iere
508 2924 605 2980 nocte,
632 2915 729 2968 fallens
755 2917 850 2968 iterum
866 2915 973 2981 judiees
1000 2923 1107 2967 nestros
1125 2931 1189 2969 aue.

88 2999 194 3054 soaqne
214 2986 354 3050 custodes3
379 3002 422 3038 me
442 2986 528 3040 seium
546 2985 719 3056 relinquent,
746 2987 792 3056 qui
810 2995 922 3058 εαραελο
952 2995 979 3039 et
997 2986 1112 3040 terribili
1132 2988 1187 3040 vita

87 3063 117 3107 ut
134 3071 242 3126 semper
260 3065 359 3109 uterer.
1188 3077 1192 3080 ·

188 3152 273 3218 Quum
294 3161 381 3206 autem
401 3163 567 3223 praesentem
594 3169 690 3208 annum
717 3154 867 3222 excipiebat
884 3155 1046 3224 insequens,
1068 3170 1111 3206 res
1130 3153 1188 3206 ido.

86 3239 224 3276 manorum
245 3223 315 3277 ultra
334 3227 551 3278 cousuetudinem
570 3226 745 3296 aegrotabant
763 3235 790 3278 et
814 3235 923 3295 propter
946 3233 1101 3279 consuetum
1121 3224 1188 3277 Per.

86 3311 174 3348 aarum
194 3295 349 3364 imperium,
372 3297 441 3364 quad
464 3299 584 3366 iamper
605 3297 818 3352 Cantaeuuenum
845 3299 1006 3365 proditorem
1033 3297 1190 3350 obtinebant

85 3383 172 3436 usqne
192 3369 224 3421 ad
241 3376 332 3442 portas
344 3368 502 3434 Byzantius,
521 3378 550 3420 ut
568 3370 683 3436 propriis
701 3377 808 3421 utentes
828 3369 855 3420 et
872 3369 1010 3422 abutentes
1029 3383 1083 3420 nou
1102 3367 1188 3420 solum

84 3441 167 3492 rebus
187 3441 307 3505 cunetis,
336 3440 383 3491 sed
404 3441 480 3491 etism
500 3439 627 3492 mutieres
646 3445 672 3491 et
689 3439 805 3492 inientes
824 3455 876 3491 nna
894 3456 951 3492 curn
972 3441 1039 3491 viria
1056 3440 1089 3491 ad
1109 3438 1188 3508 quid.

85 3511 155 3564 iibet
173 3519 303 3578 cogentes
324 3519 351 3562 et
374 3511 518 3576 ducentes,
543 3525 597 3562 non
629 3518 704 3562 extra
733 3511 813 3562 urbes
837 3517 866 3562 ut
893 3519 971 3562 antea
999 3518 1136 3562 currentes
1161 3515 1189 3558 et

85 3590 352 3650 praetercurrentes,
371 3583 418 3634 sed
438 3584 509 3634 intus
536 3583 587 3633 iam
607 3580 727 3632 colonias
746 3581 916 3634 instituentes
934 3587 1059 3649 quantum
1072 3589 1099 3631 et
1119 3594 1188 3648 qua..

84 3651 148 3706 liter
168 3661 196 3706 et
220 3653 265 3705 ubi
285 3662 312 3704 et
336 3653 440 3722 qnando
459 3655 561 3706 unimus
580 3652 708 3706 suadebat
725 3661 851 3720 regentes
870 3652 1067 3718 imperioseque
1086 3650 1187 3720 guber.

84 3732 191 3777 nantes.
839 3753 843 3760 -

190 3811 307 3865 brumali
339 3821 459 3882 tempora
484 3815 536 3866 iarn
564 3814 703 3866 desinente
728 3813 816 3865 media
839 3817 919 3864 nocte
952 3811 1021 3864 ianas
1047 3811 1186 3864 subitanea

90 3885 250 3952 Byzantium
273 3885 478 3951 circumtonuit,
505 3887 574 3938 intra
599 3899 687 3938 muros
707 3885 814 3936 omniuo
833 3899 892 3936 esse
920 3883 1052 3936 iuniorem
1071 3881 1187 3934 Palaeo-

91 3957 195 4026 iogum,
216 3971 318 4023 regem,
338 3957 383 4024 qui
396 3957 504 4010 omniuo
523 3956 624 4008 auriiio
642 3955 735 4024 populi
749 3955 853 4008 externi
870 3955 951 4006 tertio
966 3955 1009 4006 die
1029 3969 1062 4007 ex
1080 3953 1186 4008 Tenedo

89 4028 177 4080 insula
197 4029 318 4080 venisset
338 4029 436 4080 itinere
455 4029 513 4096 ipso
532 4029 612 4096 piane
631 4027 748 4081 occuito.
785 4027 886 4079 duobus
905 4029 1056 4096 permagnis
1075 4025 1187 4078 biremi..

89 4099 139 4152 bus
158 4107 239 4168 atque
259 4099 381 4150 undecim
409 4100 571 4152 uniremibus
596 4113 645 4168 per
668 4107 772 4168 portum
797 4098 863 4151 solie
882 4107 966 4150 ortum
995 4113 1089 4150 versus
1107 4098 1187 4149 situm

91 4179 118 4224 et
137 4185 187 4242 per
204 4169 313 4223 navalia
332 4177 426 4224 vectus
446 4177 501 4237 est,
526 4187 635 4241 quarum
655 4172 763 4224 navium
787 4168 858 4223 alise
875 4165 945 4224 domi
965 4177 1041 4222 erant
1061 4175 1185 4220 consurr-
1298 4183 1301 4190 ·

156 4267 322 4340 Nicophanes
343 4267 452 4338 (iraque.
479 4265 532 4322 Vct.
551 4267 605 4324 111.
976 4264 1009 4318 te
