2874 4784
252 267 328 356 titt
529 273 774 358 ‘mortuom
803 281 1032 356 oarooaan

186 449 242 524 51
255 449 332 532 δίχα
353 441 524 514 ἀποσταῖεν
547 441 596 513 ἄν.
617 442 661 522 οἷς
680 443 743 532 γάρ
763 445 800 510 οὗ
818 446 1052 532 μεταβέβληται
1074 445 1095 512 ἀ
1115 446 1230 536 μορφὴ
1249 445 1356 530 ε’κείνη

253 550 310 620 καί
328 545 364 614 τό
387 539 471 623 εἶδος
492 547 538 624 εἰς
564 547 714 632 θεότητος
731 547 847 634 φύσιν,
867 544 910 624 οἷς
934 538 1024 626 οὗτος
1043 550 1178 632 κομίζει,
1198 549 1270 636 (καί
1291 547 1357 633 γὰρ

254 649 418 734 ἀμήχανον
443 651 536 727 τοῦτο
570 649 735 737 γενέσθαι)
769 644 830 736 ἤδη
863 648 919 714 καί
947 649 1090 734 πρόσθεν
1123 648 1269 736 εἴρηται,
1301 650 1360 714 καί

252 748 455 838 μαρτνρεῖἧ
480 747 616 834 ἀλήθεια
646 747 725 833 αὕτη
756 749 819 816 κάκ
846 753 908 818 τῶν
940 749 1081 836 ἀκριβῶς
1111 749 1360 832 ἐπεσκεμμένον

253 850 310 935 τὴν
330 853 393 916 τῶν
411 849 607 938 πραγμάτων
627 849 724 937 φύσιν
742 849 797 916 καί
816 855 880 916 τῶν
901 851 1066 938 δογμόιταν
1087 848 1177 934 ἡμῶν
1197 848 1253 934 τὴν
1275 849 1388 933 ἄλη-5

254 956 349 1022 θειαν
368 949 404 1018 τό
428 951 566 1028 ἀπλανὲς
597 951 653 1018 καί
674 950 896 1036 ἀνεπιληπτον.
946 951 1029 1018 ἀλλά
1047 953 1363 1038 μεταμεμόρφονται,

254 1059 346 1139 φησί,
366 1051 423 1118 καί
445 1051 702 1136 ἀπηθονάτιοται
726 1053 782 1117 καί
802 1049 983 1139 Γἄφθαρτον
1015 1054 1071 1118 καί
1094 1049 1240 1118 ἀκτιατον
1262 1051 1363 1136 γίγα-

212 1225 216 1235 ,
254 1173 317 1220 νεν.
360 1145 429 1217 εἶτα
445 1153 705 1238 μεταμορφωδὲν
720 1152 777 1218 καί
793 1153 1058 1220 ἀπαθανατισθὲν
1068 1153 1225 1236 μεμένηκε
1247 1153 1363 1234 σάἱμα,

253 1249 275 1338 ἢ
299 1249 353 1334 σός
377 1254 407 1322 εἰ
426 1254 485 1335 μὲν
503 1252 566 1338 γὰρ
587 1253 753 1338 μεμένηκε,
771 1255 907 1337 μάταιος
935 1251 954 1318 ό
978 1253 1136 1336 Εὐσεβιλια
1158 1250 1277 1338 δρᾶται
1302 1253 1363 1320 λό-

80 1331 88 1362 ⁸
121 1356 307 1442 λδλλλνγας
327 1356 383 1424 καί
406 1353 498 1420 οὐδὲν
518 1351 596 1437 ἡμῖν
618 1357 751 1440 πρᾶγμα
767 1354 872 1423 ἔσται·
917 1357 946 1420 εἰ
968 1356 1002 1420 δὲ
1023 1353 1059 1418 οά
1072 1355 1255 1440 μεμένηκεν,
1280 1352 1404 1420 eterno

252 1455 546 1542 μεταμεμόρφωται
569 1449 643 1540 ἄρα,
669 1453 738 1520 οὐδ’
757 1453 941 1522 όθανασιάν
968 1453 1024 1522 καί
1054 1454 1244 1540 ἀφθαρσίαν
1266 1455 1363 1520 ἐνδέ-

255 1562 360 1624 δοται.
408 1553 564 1640 οὐδὲγὰρ
592 1548 676 1636 εἶχεν
698 1555 744 1631 εἷς
764 1553 783 1620 ό
803 1556 1153 1641 μεταμορφαθήαεται,
1179 1554 1254 1620 οὐδὲ
1278 1550 1363 1640 ἦνδ

188 1704 199 1735 ,
226 1657 309 1744 ,τὴν
332 1655 516 1722 ἀθανασίαν
536 1656 712 1732 ἐνδύσεται,
732 1653 787 1723 οὖν
808 1649 896 1731 όντος
917 1656 951 1722 ἐν
974 1645 1002 1743 ᾧ
1022 1657 1122 1722 ταῦτα
1143 1657 1362 1742 θεωρηθήαε-

251 1773 315 1828 ται.
358 1755 427 1822 ἀλλ’
451 1751 568 1820 ἀτοπον
588 1756 645 1822 καί
665 1754 699 1820 τό
726 1756 844 1822 ἐννοεῖν
866 1757 1007 1834 τοιαῦτα,
1035 1759 1158 1840 μᾶλλον
1182 1760 1210 1824 δ’
1235 1757 1362 1822 ἀδάνα-

186 1871 314 1926 υτον.
356 1856 412 1926 καί
443 1856 557 1934 πόλιν,
589 1855 651 1925 ἀπό
677 1859 734 1925 rori
764 1854 847 1925 κατὰ
868 1854 924 1941 τὴν
950 1858 1204 1944 μετεμόρφωσεν
1231 1858 1400 1944 τρόποειό

159 2021 163 2028 .
255 1957 480 2042 ἀποσεμνόνοιν
500 1957 556 2042 τὴν
581 1956 729 2040 δουλικὴν
754 1955 885 2044 μορφὴν
915 1959 1010 2024 πλέον
1030 1957 1051 2044 ἢ
1074 1961 1179 2034 καλαῖς
1199 1952 1280 2041 εἶχε,
1304 1961 1363 2026 καί

252 2061 350 2146 ταύτῃ
385 2061 486 2142 τιμῶν
517 2049 642 2145 Ιόμηδλ
664 2055 806 2141 Χριστός
827 2059 992 2144 τετίμηκε,
1021 2059 1077 2124 καί
1102 2063 1158 2144 τῆς
1176 2063 1364 2144 μεταβολῆς

254 2163 400 2231 ἐντεῦθεν
420 2159 590 2243 κατάρξας,
613 2155 733 2242 προῖαλν
757 2157 814 2226 καί
830 2157 927 2242 αὐτὴν
946 2157 1002 2243 τὴν
1026 2157 1157 2246 μορφὴν
1175 2160 1232 2226 καλ
1251 2157 1291 2226 τό
1316 2154 1363 2224 εό-

255 2265 309 2338 δος
331 2259 575 2326 ἀπεσκευάσθαι
604 2258 688 2344 λέγει
709 2258 765 2324 καί
783 2263 1046 2345 μεταβεβλῆσθαι
1075 2262 1121 2338 εἰς
1141 2259 1292 2345 θεότητα,
1317 2259 1363 2337 ὥς

253 2363 309 2430 καί
328 2363 362 2428 ὲν
380 2367 446 2437 τοῖς
469 2361 637 2444 μετέπειτα
660 2353 797 2444 δηλοόοει
822 2357 863 2426 τὰ
883 2367 958 2446 παρ’
981 2359 1080 2428 αὐτοῦ
1093 2362 1284 2446 όκτιθέμενα
1305 2375 1403 2447 τη-λδ

251 2461 483 2546 λααγὲστερον,
513 2461 578 2528 ,καί
610 2457 658 2528 ἔτι
691 2465 814 2543 μᾶλλον
848 2461 931 2528 κατὰ
972 2463 1161 2545 πρόοβασνν
1195 2460 1260 2528 ἀπό
1304 2465 1366 2528 τοῦ

178 2595 187 2606 -
250 2559 307 2648 τὴν
335 2560 511 2646 θνηιότητα
544 2559 765 2631 ἀποδεδόσθαι
798 2561 855 2628 κατ’
884 2561 941 2648 τὴν
970 2559 1098 2649 φθορὰν
1128 2561 1364 2643 ἀποτιψασθαι

108 2656 114 2668 ’
252 2662 308 2730 καί
327 2661 373 2737 είς
402 2657 459 2744 τὴν
478 2661 537 2726 τοῦ
558 2661 638 2728 θεοῦ
668 2659 764 2740 δόξαν
792 2664 1060 2746 μετεσκευάσθαι.
1113 2661 1196 2728 ἀλλὰ
1225 2661 1263 2730 τό
1300 2664 1363 2746 μὲν

255 2969 405 3040 dogmatum
427 2969 569 3024 κτείναντα
596 2983 674 3039 quam
693 2969 834 3024 verinalmo
856 2977 883 3023 et
910 2969 1070 3024 drmiarirne.
1108 2971 1155 3026 aad
1176 2971 1360 3042 tranaflgmn.

254 3051 297 3098 tur
317 3049 358 3096 eet
373 3041 502 3112 inquitet
519 3039 675 3097 immortalia
687 3041 773 3094 inetur
787 3049 813 3096 et
829 3041 1034 3110 incorruptibile
1050 3049 1077 3094 et
1091 3043 1249 3096 increatum.
1264 3053 1359 3098 traua·

254 3113 395 3186 ligurntnrn
415 3120 442 3163 et
461 3111 610 3164 immortale
630 3113 727 3164 iactum
755 3127 852 3182 corpur
872 3119 918 3164 aut
935 3115 1050 3178 mantii,
1071 3121 1187 3168 autnon
1204 3117 1315 3168 maurit.
1335 3117 1358 3168 ri

253 3186 365 3250 mansit,
386 3190 463 3236 'rana
480 3183 591 3237 Eurebii
615 3185 701 3236 oratio
731 3185 851 3236 cernitur
875 3191 903 3236 et
919 3185 998 3236 nobie
1026 3183 1127 3238 nulline
1145 3187 1275 3238 momenti
1297 3188 1358 3238 erit.

253 3257 295 3309 rin
314 3269 368 3307 non
386 3255 493 3319 maurit,
511 3269 566 3306 non
584 3255 800 3328 transfiguratum
813 3261 853 3306 eet
870 3269 921 3307 nec
940 3255 1165 3308 immortalitatem
1186 3265 1214 3308 et
1228 3257 1358 3310 iaeorrn.

253 3325 372 3402 ptlouem
391 3325 495 3396 recepit
512 3337 601 3395 neque
622 3325 744 3392 ilabebat,
764 3328 791 3377 ln
810 3327 879 3395 quod
898 3329 988 3382 trantil

253 3392 323 3466 qnod
339 3395 563 3450 immortalitatem
581 3397 714 3462 indueret,
735 3411 812 3466 quum
829 3411 882 3450 non
895 3397 974 3464 adult,
991 3343 1091 3470 λόηαο
1111 3397 1179 3450 haec
1197 3407 1358 3466 appareant

252 3469 299 3522 red
319 3467 438 3538 ineptum
456 3473 496 3519 art
515 3469 635 3538 cogitare
656 3469 806 3534 eloamodi,
827 3483 883 3521 amo
905 3469 964 3524 lieri
985 3471 1086 3540 nequit.
1126 3476 1154 3530 et
1180 3485 1290 3522 rnrauar
1311 3487 1360 3539 per

252 3537 492 3609 mansligurntlonle
524 3539 630 3596 modurn
669 3539 795 3593 aerrilem
824 3539 932 3592 lormam
962 3541 1047 3608 magia
1069 3553 1145 3608 quam
1173 3555 1291 3610 aequum
1319 3549 1360 3593 ear

253 3611 393 3666 clarefecit
411 3623 496 3677 eaque
517 3609 605 3678 gloria
623 3625 674 3680 qua
687 3609 854 3665 nechriatua
874 3611 979 3682 quidem
992 3609 1140 3662 llioatratna
1162 3619 1216 3677 eat,
1237 3611 1271 3664 alr
1292 3627 1360 3680 per.

251 3685 398 3736 mutatione
427 3679 594 3748 exordiens,
623 3681 745 3752 procedit
775 3690 803 3734 et
823 3683 934 3734 sormam
954 3691 981 3734 et
999 3681 1096 3734 faciem
1114 3683 1210 3734 matari
1233 3683 1314 3748 dicit,
1333 3691 1359 3735 et

252 3755 397 3822 permutari
417 3753 445 3805 in
466 3751 602 3818 deitatem,
622 3759 653 3803 nt
673 3753 700 3804 in
719 3753 895 3822 aequantibus
914 3753 1085 3824 explicabunt
1098 3752 1204 3820 pleninr
1225 3755 1286 3806 eiua
1309 3756 1358 3806 ari.

252 3821 404 3876 ditamentn.
442 3823 496 3874 λκιο
515 3837 564 3892 par
584 3821 648 3875 liin:
666 3823 853 3876 mortalitatem
881 3826 1016 3892 deponere
1038 3831 1065 3876 ot
1083 3826 1285 3891 corruptionem
1307 3828 1358 3878 ab.

252 3893 329 3946 l'nere
349 3896 420 3946 etin
440 3893 483 3946 rlel
502 3893 615 3964 gloriam
635 3897 739 3947 mutari.
786 3895 832 3948 aad
852 3893 1108 3962 corruptibile-hoc
1129 3895 1242 3946 induere
1261 3897 1358 3949 lncor.

251 3965 402 4036 ruptionem
423 3973 449 4016 et
466 3964 580 4018 mortale
599 3963 822 4018 immortalitatem
841 3981 952 4034 magnam
971 3967 1050 4019 docet
1067 3965 1216 4033 apoatolna.
1257 3983 1357 4036 corpna

252 4045 339 4090 anta-
360 4035 471 4089 induere
494 4039 738 4104 incorporationem
757 4045 802 4088 aut
823 4045 939 4090 creatum
965 4039 1024 4091 ilerl
1044 4039 1201 4102 increatum,
1220 4045 1268 4090 ant
1286 4041 1357 4092 del.

251 4109 335 4161 nituru
360 4107 388 4158 ln
412 4105 575 4160 ludeilnitunr
595 4109 707 4173 mutari,
726 4109 842 4160 nondum
870 4107 941 4160 luno
969 4125 1054 4178 neque
1078 4109 1148 4162 diem
1167 4109 1287 4161 audltnnr
1307 4119 1356 4162 eat.

251 4177 299 4234 tad
319 4177 474 4247 recipienda
493 4186 534 4230 ert
550 4179 638 4230 oratio
656 4185 684 4230 et
703 4179 893 4252 quaerendum,
912 4181 975 4249 quid
992 4183 1028 4234 ait
1046 4179 1114 4232 ilaec
1135 4179 1192 4234 lux.
1209 4193 1265 4233 non
1284 4185 1356 4234 enirn

1028 3333 1140 3379 raretnr.
1177 3341 1268 3396 neqne
1290 3337 1358 3393 erat,
