2872 4784
223 270 296 342 312
373 307 379 318 ·
523 272 747 341 utcssrnottt
774 269 1005 338 GREGOME

154 450 210 504 81
220 435 329 506 ἔπειτα
348 441 379 504 εί
396 435 453 522 την
468 436 628 523 ἐνέργειαν
641 434 747 518 ἕτερον
760 429 841 500 εἶναι
862 437 962 518 λέγεις
977 436 1057 500 κάπί
1074 435 1154 500 θεοῦ
1175 427 1318 514 καθάπερ

221 541 359 606 inlunis
381 543 545 625 συνθέτων
567 539 676 622 ἡμῶν,
707 540 762 602 καί
790 537 879 611 ἰδίως
911 529 1056 602 άκτιστον
1083 531 1246 620 θεάτηεο,
1268 534 1322 596 καί
1413 530 1414 554 ¹

221 635 305 705 ἔστιν
326 635 478 723 ἑκάτερον
498 636 616 704 τούτων
639 631 716 720 ὅπερ
742 637 799 700 σάκ
820 633 903 702 ἔστιν
925 629 1082 719 ἑκάτερον,
1107 637 1165 700 κοί
1184 633 1239 698 αἐί
1259 629 1322 698 θά-

223 763 313 824 τερον
334 742 422 825 παρά
438 740 578 825 θάτερον
590 737 770 822 άμοιβαάόν
785 735 842 823 την
860 738 1021 825 διαφοράν
1035 739 1090 804 καί
1102 735 1216 822 μάχην
1238 741 1323 816 λαμ·
1414 769 1416 836 ρ

219 838 316 924 olm
340 841 444 924 λόγοις
477 841 532 907 καί
565 842 748 926 πράγμασιν
773 840 905 927 (άνάγκη
935 843 996 924 γάρ
1032 834 1071 904 άν
1096 835 1146 924 εἴη
1168 839 1258 902 πάσα
1282 835 1345 909 τά5
1416 902 1417 924 η

221 937 323 1018 οίίτως
345 942 495 1026 άλλὸτρια
517 946 556 1030 τῇ
578 943 674 1027 φύσει
699 941 754 1007 καί
773 945 915 1032 σημασίρι
944 940 989 1022 μη
1012 939 1126 1006 ταάτόν
1147 932 1230 1008 εἶναι
1253 943 1322 1002 θα·
1417 946 1418 980 ³

219 1046 301 1130 τίρρι
323 1042 487 1130 θάτερον),
506 1041 595 1108 ἔσται
621 1036 701 1127 άρα,
723 1045 754 1108 εί
774 1043 791 1126 ἢ
819 1041 959 1127 ἐνέργεια
978 1035 1124 1116 άκτισιος
1144 1041 1200 1104 καί
1221 1039 1324 1103 α’νοά-

219 1167 297 1223 σιος,
319 1143 426 1228 κτιστὴ
447 1143 465 1226 ἡ
489 1145 584 1208 οάοία
595 1149 657 1228 latui
670 1144 885 1230 άνενίργητος,
908 1143 951 1219 eir
964 1143 1110 1225 άνωτίρω
1126 1164 1161 1223 γε
1174 1140 1324 1225 η’κηκάεις

178 1318 180 1332 ‚
220 1245 284 1308 τῶν
304 1247 400 1308 θείων
420 1251 488 1309 κατ’
519 1241 696 1329 ἐπιστήμην
728 1241 768 1308 τά
793 1246 918 1310 ἐναντία
940 1252 1004 1320 τοῖς
1036 1243 1189 1316 ἐναντίοις
1211 1239 1323 1324 ὁριζο-

108 1379 114 1388 ·
220 1347 323 1425 μένων
343 1343 480 1427 άνάροῦν.
531 1345 561 1410 εἰ
581 1347 624 1426 {tt
647 1347 702 1409 καί
735 1345 768 1410 τὸ
795 1349 850 1428 τῆς
873 1345 1032 1430 ἐνεργείας
1063 1334 1162 1422 ὄνομα
1191 1343 1361 1424 γενικάςιο

220 1441 301 1508 κατά
321 1446 357 1508 σε
380 1443 504 1511 πάντων
525 1447 572 1510 ἐπ’
601 1443 671 1531 ίσης
694 1445 893 1532 κατηγοροῖτο
920 1449 983 1510 τάν
1006 1441 1187 1526 σ’νομάτων,
1220 1441 1323 1506 δονά-

113 1593 120 1605 .
219 1567 307 1633 μεως
325 1549 414 1628 λέγω,
442 1551 559 1632 σοφίας
590 1549 671 1630 ζωῆς
703 1544 807 1634 φωτός
836 1549 945 1627 θυμοῦ
966 1547 1192 1629 μακροθυμίας
1225 1541 1322 1626 ὀργῆς

220 1645 393 1731 αόργησίας
421 1649 572 1712 καίιτῶν
594 1647 754 1727 τοιούτων,
775 1640 862 1722 ὅσοις
890 1644 909 1728 ἦ
932 1649 1006 1710 θεία
1037 1648 1188 1728 κέχρηται
1208 1642 1320 1728 γραφη

220 1749 408 1828 θεοπρεπῶς
437 1755 666 1833 καταφατικοϊς
689 1770 721 1811 τε
753 1747 807 1811 καί
827 1747 1037 1831 άποφατικοίς
1063 1747 1119 1808 καί
1140 1743 1321 1826 άντικειμί-

219 1869 284 1922 νοις
307 1847 469 1931 ὀνόμασιν,
490 1851 713 1932 ἐπιδραμεῖται
735 1843 844 1912 λοιπάν
865 1847 920 1910 καί
934 1849 1010 1910 πάσι
1026 1847 1149 1920 τούτοις
1166 1849 1215 1911 ἐπ’
1238 1843 1320 1929 ἴσης,
1331 1867 1359 1918 15

97 1947 276 2011 tuentius*
297 1944 416 2038 ὁμοίως,
433 1949 485 2014 άεί
517 1945 744 2033 κατορχησεται
766 1950 829 2012 τάν
863 1945 1030 2028 ὀνομάτων
1053 1941 1201 2030 ἁπάντων
1222 1944 1321 2010 τάτά-

220 2075 332 2132 πημα,
363 2053 419 2113 καί
441 2047 609 2114 στασιάσει
638 2047 717 2132 πρὸς
739 2045 835 2113 invto*
870 2046 982 2130 τὸτῆς
1017 2049 1176 2129 ἐνεργείας
1207 2037 1320 2126 ὄνομα,

221 2149 339 2233 ταύτης
362 2149 400 2231 δη
424 2155 480 2232 τῆς
502 2150 687 2236 ἰδιαζόντως
711 2146 798 2214 ’κατά
823 2152 860 2214 σί
883 2147 1052 2232 λεγομένης
1072 2145 1220 2212 άκτάντοο
1242 2145 1321 2211 θεά·

219 2271 322 2334 τητσς.
348 2252 422 2314 καθ’
444 2249 462 2312 ίί
482 2252 544 2334 γάρ
568 2253 697 2316 ἕκαστον
718 2247 928 2333 ἓκάστοοζτιάν
947 2243 1051 2314 ἄλλων
1074 2251 1215 2312 λείπεται
1236 2250 1320 2314 πάν-

99 2400 105 2408 .
218 2375 289 2430 των,
310 2353 376 2415 κατ’
400 2355 499 2416 ἐκεῖνο
518 2355 580 2416 τῶν
603 2347 707 2417 ἄλλων
731 2348 875 2417 ἁπάντων
893 2347 1074 2436 η’λάττωιαί
1094 2373 1126 2413 τε
1147 2347 1202 2413 καί
1224 2350 1358 2434 villo-20

218 2454 356 2534 rpt'noros.
400 2452 454 2516 καί
475 2453 509 2515 ἓν
527 2446 609 2517 εἶναι
631 2451 756 2528 πάντως
779 2454 892 2516 οάσίσν
915 2451 1113 2534 ὁμολογεῖται
1143 2447 1317 2534 καίφάσει

219 2553 282 2615 πάν
301 2548 320 2614 ά
342 2556 465 2637 λέγεται
488 2552 543 2617 καί
565 2553 757 2636 ὀνομάζεται
780 2556 965 2639 θεοπρεπῶς
992 2550 1079 2636 ἡμῖν,
1100 2554 1156 2616 καί
1176 2545 1320 2632 ἔστικσί

219 2903 369 2958 ficationem
390 2903 491 2956 emine.
528 2904 626 2957 deinde
642 2904 665 2957 si
685 2904 857 2957 elfleientinrn
876 2903 1006 2958 diversum
1026 2919 1086 2956 esse
1104 2903 1172 2956 dicis
1192 2905 1272 2957 etism
1290 2907 1316 2958 ln

219 2976 279 3039 den,
298 2976 372 3026 utin
387 2976 465 3028 nobis
485 2976 658 3044 compositis,
678 2983 705 3027 et
723 2977 834 3044 proprie
853 2977 997 3028 increatum
1018 2975 1204 3041 divinitatem,
1226 2985 1255 3029 et
1272 2985 1316 3029 nt·

221 3061 333 3114 rumque
353 3055 402 3111 est,
423 3047 492 3114 quod
510 3047 623 3100 alterum
642 3061 696 3099 non
716 3055 766 3112 est,
787 3055 814 3098 et
826 3063 931 3114 semper
949 3046 1062 3100 elterunt
1082 3061 1146 3113 pree
1164 3046 1252 3100 nltero
1273 3049 1315 3100 in-

219 3118 307 3170 vicem
326 3116 501 3169 differentium
521 3127 548 3171 et
568 3134 682 3187 pugnem
701 3120 814 3186 suscipit
835 3117 925 3170 verbis
944 3126 971 3169 et
988 3117 1079 3183 rebus,
1100 3123 1157 3185 (est
1176 3121 1246 3170 enim
1265 3137 1315 3172 ne.

222 3204 299 3240 cesse
321 3189 446 3252 omnino,
466 3205 535 3257 qune
560 3199 611 3241 turn
635 3191 689 3242 sint
707 3189 795 3241 eliens
818 3197 845 3240 et
863 3197 957 3240 nutura
975 3197 1002 3240 et
1020 3189 1237 3256 significatione,
1262 3207 1315 3244 non

218 3258 287 3310 idern
309 3273 368 3308 esse
387 3259 465 3310 alteri
486 3259 613 3328 elterurn)
633 3261 685 3312 erit
704 3262 785 3329 igitur
808 3261 830 3310 si
851 3259 997 3312 ellicientin
1019 3261 1138 3312 inerestu
1165 3269 1206 3314 est
1226 3264 1316 3315 etin.

220 3327 382 3391 essentialis,
401 3337 490 3380 orente
510 3339 536 3380 et
556 3331 682 3384 inelllcsx
704 3332 830 3394 essentis,
850 3339 978 3398 utsupra
998 3331 1123 3383 audivisti
1143 3332 1250 3386 divinos
1271 3335 1315 3386 sl.

218 3415 264 3452 ros
283 3398 425 3451 secundum
446 3399 554 3468 regulus
581 3401 771 3469 philosophiae
797 3403 929 3455 contraris
948 3403 1088 3454 contrariis
1117 3403 1237 3455 delinire.
1276 3407 1315 3458 sin

219 3479 305 3523 nutent
327 3470 405 3521 etism
422 3471 583 3523 efficientiae
602 3487 699 3524 nornen
718 3473 883 3541 generaliter
900 3490 934 3526 ex
961 3482 1007 3526 tus
1027 3473 1160 3526 sententis
1179 3489 1266 3544 seque
1284 3477 1316 3528 (le

100 3553 106 3564 ·
219 3541 341 3594 omnibus
360 3543 528 3608 praedicetur
546 3543 712 3609 nominibus,
740 3545 782 3594 vis
807 3545 883 3609 dico,
903 3545 1069 3612 sapientise,
1089 3547 1180 3610 vitre,
1198 3545 1315 3610 luminis,

218 3613 309 3677 enimi,
328 3612 506 3678 clementiae,
528 3615 600 3680 irae„
619 3615 840 3684 tranquillitatis,
859 3616 1021 3684 taliumque,
1047 3615 1250 3684 quibuscunque
1269 3633 1315 3670 usu

220 3691 261 3736 est
280 3687 411 3751 scripturn
443 3687 533 3737 divine
552 3686 601 3737 tleo
622 3687 817 3739 convenienter
842 3687 1033 3739 affirmantibus
1059 3695 1087 3738 et
1109 3687 1270 3756 negantibus
1289 3697 1316 3740 et

220 3757 353 3821 oppositis
371 3757 533 3820 nominibus,
554 3758 665 3810 secedet
692 3758 743 3809 ism
764 3759 841 3810 utinm
861 3758 902 3810 his
923 3758 1043 3810 omnibus
1061 3773 1163 3827 neque:
1189 3767 1217 3810 et
1234 3759 1315 3811 simili

219 3825 298 3876 modo
318 3841 423 3892 semper
442 3827 605 3880 insultabunt
622 3827 774 3880 nominibus
793 3829 913 3880 omnibus
933 3830 1070 3896 ineptiae,
1090 3838 1117 3881 et
1134 3845 1224 3880 seeum
1237 3843 1315 3899 pug-
1412 3877 1417 3884 .

218 3893 294 3946 nubit
312 3896 474 3949 ellieientine
491 3913 605 3964 numen,
627 3915 687 3951 cunt
706 3899 773 3951 bnee
797 3901 939 3952 seeundum
963 3910 990 3952 te
1016 3901 1124 3968 proprie
1149 3901 1253 3952 dicutur
1271 3903 1316 3953 in.

221 3972 311 4017 creste
333 3967 467 4032 divinitus,
480 3979 589 4036 propter
607 3973 678 4038 quod
690 3973 759 4023 enim
774 3972 898 4040 quodque
917 3971 1180 4040 equoqueqnliorurn
1201 3974 1315 4024 omniunt

220 4035 393 4104 relinquitur,
412 4048 521 4105 propter
540 4042 565 4093 id
585 4042 645 4095 ullis
664 4041 784 4102 omnibus
804 4050 845 4094 est
863 4043 993 4095 minusub
1011 4044 1099 4110 iisqne
1118 4041 1251 4108 alienum,
1273 4052 1316 4096 ut.

223 4123 276 4176 que
297 4123 376 4160 unum
395 4111 502 4160 omnino
528 4127 588 4164 esse
617 4115 759 4166 essentium
783 4113 939 4167 conceditur
966 4123 993 4166 et
1019 4121 1114 4166 nnturu
1132 4127 1227 4178 omne,
1247 4116 1316 4183 qnotl

226 4179 324 4231 dieitur
353 4187 379 4231 nt
406 4187 518 4233 vocetur
544 4183 594 4234 deo
613 4187 805 4238 conuenienter
834 4199 849 4238 u
880 4185 957 4240 vobis
982 4194 1008 4239 ct
1036 4192 1077 4239 est
1098 4192 1125 4238 et
1146 4193 1203 4238 urst
1221 4193 1249 4240 et
1267 4187 1317 4238 erit
