2872 4790
143 253 150 259 ’
221 278 292 354 ree
524 281 747 352 nicaenum
778 241 1010 350 encoenia

156 509 168 519 ,,
216 447 414 540 τακουζηνοό
427 440 482 528 την
499 445 618 534 δειλίαν
633 441 795 526 ένενιοιήσε
814 445 917 525 μέρει.
960 433 1014 526 ἧκε
1033 441 1095 526 γὰρ
1112 394 1252 526 liniens,
1271 441 1312 518 σός

218 545 310 632 φασί,
332 543 448 634 ῥρδέον
479 543 566 632 αότρῑ
586 542 642 626 την
673 543 718 618 εἰς
740 540 917 622 Βυζάντιον
938 541 1062 610 εἴσοδον
1083 541 1217 610 ἔσεσθαι
1236 543 1313 628 ιιρός

176 687 183 701 .
217 648 309 711 τινοῖν
331 645 439 731 κρόφα
454 647 740 729 όιαμηνυσαμένων
767 644 854 730 ου’τῷ
867 642 929 724 νιρό
952 647 1091 726 βραχέος
1112 641 1146 710 τό
1163 648 1220 710 τοῦ
1238 669 1314 710 σον-

217 747 359 830 θὴμοτος
381 747 497 830 δρᾶμα.
540 749 610 812 daei
632 743 702 829 d’r‘y
731 743 859 824 βασιλές
881 743 1003 829 Εἰρήνη
1035 749 1181 833 διανέστη
1204 770 1315 812 πειτα·

97 880 117 912 .·;
217 851 371 932 ραχρῆμα
405 848 460 926 serf
486 846 739 929 δραστικοότερον
770 837 891 928 ἢκατό
915 847 1098 929 γυναικείαν
1124 847 1226 932 φόσιν
1247 849 1338 920 dra-5

218 953 397 1034 νσησαμένη
418 948 475 1025 τός
496 947 697 1038 σανταχόθεν
729 945 987 1026 όασατευομένας
1014 949 1160 1040 εἰσόδους
1182 947 1317 1032 τάχιστα

219 1049 420 1135 η’σφαλέσατό
437 1073 470 1114 τε
500 1049 556 1112 κατ’
588 1047 652 1112 rodo
673 1043 934 1130 όιιοιιτευομένων
962 1045 1009 1112 ἔτι
1031 1047 1211 1133 προσιόντων
1232 1046 1318 1122 έντός

220 1151 401 1226 Βυζαντίου
423 1147 481 1224 τός
498 1145 601 1230 όρμόις
615 1147 771 1212 ἀνέστειλε
789 1147 872 1210 ιιόνυ
894 1151 1038 1230 ταχείαις
1049 1147 1171 1232 χερσίν,
1191 1143 1317 1232 dapes·

153 1271 270 1324 ιοτον
290 1249 389 1316 eicie
412 1253 445 1314 έν
466 1251 569 1332 τρισέν
591 1248 725 1331 ἡμέραις
757 1248 909 1311 rinei-‘leia
930 1243 1113 1332 έπεσρόχει.
1156 1251 1235 1314 δέκα
1258 1273 1318 1330 με·

217 1345 295 1426 ταξό
318 1353 483 1432 παρῆλθον
507 1349 642 1431 ἡμέραν,
665 1347 720 1411 κατ’
741 1341 822 1430 όρας
851 1345 865 1411 ό
893 1346 1152 1432 Καντακουζηνός
1174 1352 1207 1426 ἐξ
1228 1337 1355 1433 ’Ope-ta

217 1450 345 1523 στιόόος
374 1443 445 1532 η’κεν
473 1453 518 1525 εἰς
549 1445 727 1527 Βυζάντιον
758 1447 811 1513 tad
836 1451 947 1518 ταῦτα.
998 1451 1054 1514 κατ’
1077 1444 1319 1532 &seremiles

117 1570 121 1576 ’
217 1546 253 1614 έκ
273 1555 391 1614 ιιολλοό
422 1551 476 1616 τόν
508 1547 706 1634 σατριόρχην
736 1553 861 1620 πολλῶν
880 1573 913 1614 τε
945 1543 1049 1615 όλλοσν
1071 1551 1162 1615 ἕνεκα
1186 1553 1242 1615 κατ’
1264 1554 1319 1635 τῆς

218 1646 298 1734 τορός
322 1650 543 1742 Παλαιολόγσν
574 1650 713 1730 μα’λιστα
736 1655 847 1744 φιλιάς
873 1649 928 1713 καὶ
950 1648 1192 1736 ὁμοφροσύνης,
1216 1647 1319 1736 σοφόν

218 1744 304 1818 εἶναι’
333 1747 362 1814 οἱ
398 1745 578 1832 νενόμισται
608 1759 721 1834 ιιεῖρσν
748 1755 802 1815 καί
827 1755 883 1814 νόν
917 1752 1082 1836 εἰληφέναι
1108 1752 1162 1835 τῆς
1192 1747 1319 1836 μνιόμης

217 1855 327 1918 αότοῦ.
371 1859 500 1936 πέμψας
524 1846 582 1916 σόν
606 1843 696 1936 ἤρετο
719 1855 750 1918 εἰ
777 1851 841 1936 χρὴ
864 1861 932 1927 ταῖς
952 1853 1013 1916 τῶν
1036 1857 1242 1934 στρατιωτῶν
1266 1851 1320 1916 κατ’
1328 1873 1356 1927 15

217 1957 280 2020 τοῖν
301 1949 403 2030 ἄλλως
424 1953 564 2037 ἐχόντων
577 1997 580 2002 -
595 1957 807 2039 συγκλητικῶν
829 1951 956 2033 εἴξαντα
978 1957 1065 2036 βιάις
1095 1950 1152 2038 τήν
1172 1977 1207 2018 τε
1239 1957 1320 2020 σι’να-

120 2107 122 2116 .
217 2057 364 2138 μόρευσιν
384 2060 441 2118 roal
463 2053 557 2128 vitea
591 2053 740 2120 ε’νόοόναι
765 2047 940 2120 Ματθαέου
969 2060 1140 2137 γενέσθαι,
1175 2060 1230 2121 κατ’
1249 2053 1318 2135 ἅμα

141 2181 143 2188 ’
217 2160 261 2243 τῷ
279 2160 337 2220 τοῦ
354 2155 502 2238 γόμβροό
517 2155 744 2237 Παλαιολόγου
766 2156 997 2240 όμνημοσόνην.
1042 2149 1059 2217 ό
1080 2159 1107 2219 δ’
1122 2156 1189 2220 οόό’
1208 2148 1320 2240 όῖιιροις

166 2325 168 2330 .
216 2259 366 2339 η’νέσχετο
388 2259 541 2334 (λέξασθαι
563 2265 627 2332 τοῖς
647 2257 737 2338 dare,
761 2254 842 2320 α’λλό
864 2259 1071 2340 τραχυτέροις
1093 2280 1125 2320 τε
1148 2254 1318 2322 desciuere

217 2357 407 2440 λόγονς,..ιιαι“
428 2349 493 2434 όῖμα
516 2361 548 2431 ές
577 2355 634 2438 τήν
657 2358 830 2440 όστεραιάν
861 2361 918 2420 τοῦ
940 2355 1171 2441 νιστριαρχεόου
1192 2359 1357 2436 ἐξίστα-ρο

217 2481 291 2522 ται·
333 2457 387 2522 κοιέ
410 2455 506 2535 αόιός
528 2461 587 2539 μέν
616 2461 649 2521 έν
683 2461 722 2544 τῇ
752 2463 808 2523 τοῦ
830 2461 1025 2522 Ἀθανασέου
1053 2457 1206 2524 καταλόει
1229 2463 1319 2547 μονῇ,

78 2567 98 2624 l.
115 2564 165 2623 107
178 2555 257 2626 mul
277 2559 313 2622 δὲ
333 2557 514 2645 σκευοφόρα
536 2563 567 2633 ές
592 2559 650 2642 την
674 2561 731 2621 roal
750 2559 843 2640 όγιόυ
869 2557 1046 2638 Μόμαντος
1070 2561 1319 2645 οιίιεφορτιζοντο

215 2659 324 2742 μονήν,
346 2653 385 2742 ἣν
404 2657 465 2743 πρό
482 2657 638 2744 τεττάρων
661 2661 816 2724 ἐνιαυτῶν
838 2663 1065 2746 σφετεριζεται.
1087 2657 1214 2744 βραχός
1236 2663 1318 2725 εἰιεῖ-

216 2764 274 2824 θεν
296 2759 395 2847 έρρόη
416 2757 552 2845 χρόνος,
575 2761 630 2825 κατ’
642 2763 817 2836 Martiales
841 2762 857 2825 ό
878 2761 935 2824 τοό
950 2741 1227 2851 ΧΚαντιικουζηνοό
1251 2757 1319 2838 υἱός

218 3054 301 3107 iectus
321 3053 371 3108 ille
390 3054 473 3107 luisse
492 3056 549 3108 iore
566 3063 596 3108 ut
614 3055 695 3108 facile
706 3053 864 3122 Byzantium
882 3053 1005 3107 introiret
1019 3053 1086 3106 clam
1100 3057 1219 3125 acceptis
1239 3056 1318 3111 lueri

150 3183 162 3196 y
217 3129 250 3181 de
269 3141 356 3179 rerum
378 3128 531 3180 conditione
550 3131 659 3180 nuntiis.
685 3127 763 3179 Irene
783 3135 869 3177 autem
888 3128 981 3194 regina
1002 3143 1080 3196 quum
1099 3127 1186 3181 subito
1205 3145 1237 3181 se
1256 3147 1318 3182 cre.

217 3199 302 3251 nisset
322 3208 349 3250 et
365 3199 453 3250 auimo
478 3201 581 3251 acriore
601 3217 676 3268 quam
696 3213 749 3267 quo
768 3199 894 3250 mulieres
914 3198 1011 3262 solent,
1032 3215 1120 3250 rerum
1142 3202 1318 3268 gerendarum

219 3268 359 3322 eonsilium
379 3272 513 3336 cepisset,
532 3269 642 3322 lubricis
661 3271 760 3338 ubique
779 3271 830 3321 viis
859 3285 936 3336 quam
956 3269 1097 3322 celerrime
1115 3273 1224 3323 munitis
1244 3281 1271 3324 et
1291 3275 1317 3324 ia

218 3339 378 3410 periculosis
407 3339 530 3406 Byzantii
564 3341 771 3412 propugnaculis
801 3341 936 3406 copiarum
974 3341 1143 3394 multitudiue
1175 3343 1317 3408 collocata,

218 3411 304 3464 trihus
325 3419 386 3479 post
404 3411 497 3463 diebus
530 3429 587 3463 eum
614 3414 719 3464 iniectis
748 3412 826 3464 rebus
850 3412 924 3463 abire
953 3413 1052 3480 coegit.
1096 3413 1186 3465 decem
1215 3416 1317 3468 interea

217 3481 408 3551 praeterlapsis
431 3482 525 3535 diebus
540 3485 741 3538 Cantacueeuus
756 3484 896 3536 Orestiade
915 3483 1009 3536 relicta
1027 3483 1185 3550 Byzantium
1206 3485 1241 3537 olr
1261 3503 1316 3540 earn

218 3570 322 3608 causam
342 3555 439 3607 itinere
462 3555 608 3608 contendit.
647 3564 674 3607 et
695 3572 772 3624 quum
793 3556 819 3606 in
839 3556 993 3622 suspicione
1012 3555 1187 3630 patriarcpam
1207 3557 1318 3611 liaberet

218 3643 276 3679 cuna
295 3627 329 3678 ob
348 3627 415 3679 alias
437 3643 529 3679 causas
549 3636 602 3679 tum
622 3629 786 3694 potissimum
807 3627 841 3678 ob
861 3628 1002 3678 amicitiam
1022 3642 1073 3694 qua
1091 3629 1272 3695 propenderet
1290 3632 1316 3681 iu

218 3697 418 3768 Palaeologum‚
438 3699 643 3766 prudentissime
665 3699 714 3750 sibi
736 3699 809 3750 visus
831 3705 872 3748 cst
891 3700 1053 3766 experiendo
1081 3715 1141 3750 csse
1161 3702 1220 3752 eius
1239 3703 1267 3752 in
1287 3717 1316 3752 se

218 3767 383 3843 voluptatem
403 3769 599 3823 intellecturus.
637 3771 709 3822 misit
725 3770 808 3839 igitur
827 3771 871 3837 qui
900 3785 933 3820 ex
953 3785 985 3820 eo
1004 3779 1166 3838 quaererent
1182 3787 1245 3824 uum
1265 3774 1315 3825 mi-

218 3839 294 3892 lltum
316 3848 342 3891 et
360 3848 510 3893 aenatorum
531 3841 632 3893 viribus
653 3843 749 3893 cedens
769 3841 958 3907 persuaderet,
985 3851 1013 3893 ut
1034 3842 1181 3896 llattliacus
1200 3860 1249 3896 rex
1268 3845 1324 3896 de·-

219 3909 366 3963 clararetar
385 3921 412 3963 et
431 3911 594 3982 Palaeolugo
615 3928 710 3965 socero
730 3915 924 3981 ignosceretur.
962 3929 1030 3980 quae
1044 3913 1093 3964 ille
1113 3929 1192 3982 quum
1204 3915 1315 3967 moleste

218 3981 290 4034 ferre
311 3981 446 4034 rideretur
472 3991 499 4034 et
527 3985 681 4051 asperrimis
709 3985 799 4035 verbis
827 3985 970 4047 reliceret,
996 4000 1029 4036 ex
1053 3985 1232 4052 patriarchica
1254 3985 1316 4038 sede

218 4053 320 4104 eiectus
339 4060 380 4104 ost
399 4055 537 4120 postridie.
574 4056 633 4122 ipse
655 4055 724 4122 apud
738 4055 911 4108 Athanasium
930 4056 1058 4121 divertit,
1087 4056 1211 4124 supellex
1229 4066 1316 4109 autem

217 4125 244 4176 irr
263 4122 302 4176 St.
324 4125 461 4177 llamautia
475 4127 637 4178 mansionem
657 4135 836 4194 transportata
853 4135 902 4190 est,
925 4143 1001 4194 quarn
1021 4135 1083 4179 ante
1102 4135 1217 4197 quatuor
1235 4141 1316 4181 annos

216 4195 267 4252 sibi
285 4203 395 4263 emerat.
432 4196 509 4249 lueri
531 4197 592 4250 inde
611 4207 731 4264 tempore
751 4197 952 4267 praeterlapsis,
971 4199 1118 4255 Matthaeus
1136 4199 1316 4259 cantameeai
