2898 4790
165 267 398 337 ‘uterorum
419 267 835 343 ruzenorum‘mm.
860 245 1049 336 iit—iu.
1109 259 1182 337 uss

80 427 148 516 ρέα
167 431 215 518 τῷ
235 433 292 514 τῆς
315 430 683 510 Κωνσταντινουπόλεως
713 428 879 496 ὖπείκοντα
908 431 1026 517 θρόνῳ,
1048 429 1103 493 καί
1123 426 1184 493 ino

75 531 198 596 τούτου
219 530 260 596 τὰ
280 530 400 615 νόμιμα
425 531 578 612 δέχεσθαι
599 536 655 616 τῆς
678 531 779 618 ἀρχῆς
807 533 864 615 τῆς
885 533 1116 614 πνευματικῆς·
1140 522 1186 592 εί-

78 656 143 696 ναι
162 635 190 696 δ’
214 631 309 698 αὐτόν
329 632 385 698 καί
404 635 460 697 νῦν
477 633 536 717 μὲν
554 635 588 698 ἐκ
609 637 671 698 τῶν
691 633 769 720 τῇδε
791 630 915 718 φόντων
937 630 1018 715 όμοό
1040 633 1095 697 καί
1107 655 1186 716 τρα-

82 733 221 819 φέντων,
237 733 415 817 ἀμοιβαδὸν
426 731 482 818 τὴν
497 733 567 799 ἐκεῖ
577 734 752 820 προεδρίαν
769 731 820 798 cicc*
841 734 1085 816 διαδεχομένων,
1106 727 1188 815 μετὰ

44 833 143 900 5τόν
164 834 321 921 προτέρου
342 834 479 900 θόνατον
500 837 684 922 παραλλόξ,
704 831 748 910 τός
771 831 808 898 όν
830 831 864 899 τό
886 841 952 900 τοῖν
976 836 1065 898 δυοῖν
1084 839 1187 918 γενοῖν

83 933 234 1020 συναφές
254 931 372 1000 οὖτωσέ
388 935 615 1018 βεβαιούμενον
636 935 693 1000 καί
712 934 905 1020 κυροόμενον
925 935 1134 1018 βεβαιοτέραν
1155 935 1187 1008 ἐς
1239 955 1244 966 ·

80 1032 122 1097 τό
149 1031 304 1118 ἀκήρατόν
333 1057 367 1098 τε
398 1034 454 1100 καὶ
489 1035 662 1122 ἀκραιφνὲς
689 1037 745 1100 καί
774 1032 829 1118 τὴν
858 1037 914 1117 τῆς
942 1034 1079 1109 πίστεως
1106 1033 1186 1116 σέμ-

82 1158 201 1200 πνοιαν
213 1132 271 1220 ἔχῃ
284 1137 452 1220 φυλάττειν
474 1135 524 1200 δεῖ
544 1135 599 1201 καί
617 1131 906 1220 μονιμωτέραντην
927 1133 1107 1200 οὐσίανκαὶ
1132 1131 1187 1224 δέα

81 1258 193 1319 ναμιν.
237 1235 293 1300 καὶ
314 1235 365 1300 ἳνα
385 1237 444 1302 τόν
465 1243 553 1325 μέσῳ
573 1239 738 1322 παρέλθω,
761 1237 815 1320 τῆς
829 1234 1001 1320 ἐνεστώσης
1023 1232 1108 1320 ἡμᾶς
1133 1235 1254 1298 εἶν-84
1286 1245 1291 1252 ’

26 1350 70 1404 10
83 1336 327 1422 τιπερισποδσης
342 1335 409 1422 ἅμα
432 1337 488 1403 καί
503 1337 717 1422 όνθελκοόσης
737 1336 861 1423 χρειάς,
883 1331 922 1420 ἦν
944 1333 1006 1422 πρό
1030 1337 1107 1400 ἐτῶν
1126 1332 1188 1420 ἤδη

86 1439 219 1517 συχνῶν
246 1438 279 1500 ἐκ
301 1441 364 1502 τῶν
385 1441 462 1502 καθ’
486 1435 573 1522 ἡμεῖς
596 1438 788 1525 Ναζιραίων
810 1437 912 1503 ε’κεῖσε
934 1437 1097 1524 πεμφθείς
1118 1437 1204 1511 ἐπί,

83 1560 221 1616 σκοπος,
257 1534 385 1613 συνετός
415 1535 492 1623 ἀνὴρ
530 1539 585 1604 uus*
617 1537 780 1624 θεοφιλής,
804 1537 1005 1622 Θεόγνωστος
1026 1532 1186 1620 τοῦνομα·

84 1637 144 1704 καί
166 1633 207 1721 ἦν
232 1636 533 1725 όποκεκληρωμένον
553 1641 587 1704 ἐκ
610 1639 729 1704 πολλοῧ
756 1635 812 1703 τόδ
832 1637 1060 1724 παρῳχηκότος
1080 1637 1186 1724 ἐκείνῳ

83 1740 134 1824 τῷ
158 1737 248 1803 ἔθνει
280 1739 407 1821 τέμενος
429 1737 515 1826 ἱερόν
537 1741 581 1816 εἰς
598 1739 792 1824 μητρόπολιν
815 1739 959 1823 Κόγεβον
983 1736 1102 1805 οὖτωσί
1120 1763 1189 1814 πως

32 1847 72 1899 15
84 1837 297 1920 καλεόμενον,
338 1834 367 1902 *ὃ
392 1835 431 1921 δὴ
454 1836 516 1924 πρό
535 1839 675 1924 βραχέος
691 1837 949 1923 -έπιδραμόντων
971 1841 1108 1903 Σκυθῶν
1126 1841 1189 1901 τῶν

81 1937 296 2022 βορειοτέρων
327 1939 444 2024 ἐρημία
476 1937 557 2002 κατὰ
583 1935 640 2022 τὴν
671 1937 847 2024 παροιμίαν
876 1937 1008 2022 κατέστη
1042 1941 1187 2016 Σκυθῶν,

84 2035 131 2115 ὥς
158 2041 276 2122 μηκέθ’
309 2036 417 2104 ἱκανόν
451 2039 497 2113 εἰς
531 2031 707 2126 προεδρίαν
740 2037 795 2104 καί
830 2040 945 2124 θρόνον
983 2035 1069 2116 ἄξιον
1105 2031 1188 2100 εἶναι

82 2139 143 2204 τοῦ
172 2141 228 2222 τῆς
263 2141 436 2223 καθολικῆς
466 2139 641 2204 ἐπισκόπου
667 2137 813 2216 Ῥωσίας.
870 2137 919 2204 διό
948 2139 1003 2204 καί
1028 2139 1253 2221 μεταθέσ-Ιῐ

83 2243 149 2303 θαι
181 2237 216 2304 τό
256 2241 366 2324 σχῆμα
403 2244 459 2325 τῆς
493 2239 717 2328 μητροπόλεως
756 2240 874 2328 ἀνάγκη
907 2239 1068 2327 γεγένηται
1108 2237 1189 2325 πρός

31 2339 195 2426 ῖθὲτερόν
215 2363 285 2406 τινα
309 2343 350 2427 τῇ
383 2342 529 2429 παρούσῃ
562 2343 758 2428 προσήκατο
787 2343 884 2433 χρείη
907 2343 1012 2408 τόπον.
1062 2337 1097 2406 τό
1126 2339 1188 2426 γὰρ

85 2440 182 2517 ἔθνος
203 2437 288 2506 ἅπαν
317 2441 417 2526 έκεῖνο
444 2445 507 2507 τοῖν
535 2439 628 2520 Ῥιός,
655 2443 986 2530 πολυανθρωπότατόν
1013 2465 1046 2507 τε
1077 2435 1113 2506 όν
1135 2439 1191 2506 καί

85 2538 223 2619 πολλοός
258 2565 347 2619 τινας
377 2543 493 2622 τόπους
529 2543 585 2609 καί
613 2529 790 2630 διαφόρους
821 2545 855 2609 ἐκ
884 2544 1103 2630 παλαιοτέρων
1128 2545 1191 2606 τεόν

84 2641 216 2729 χρόνων
232 2642 414 2726 νεμόμενον,
437 2645 483 2722 εἰς
515 2652 600 2733 τρεῖς
629 2667 693 2710 που
716 2645 771 2709 καί
800 2643 950 2732 τέτταρας
982 2643 1069 2731 ipen
1104 2646 1189 2722 διαι·ι

90 2743 187 2830 ρεθὲν
205 2740 262 2821 τὰς
286 2741 389 2830 όρχδις
408 2745 465 2812 καί
485 2744 656 2832 ἡγεμονίας
678 2747 712 2811 ἐκ
733 2747 860 2811 πολλοῦ.
889 2747 945 2811 τοῦ
965 2747 1000 2810 δὲ
1022 2749 1112 2812 θείου
1135 2743 1190 2826 τῆς

38 2857 78 2910 25
89 2843 257 2928 εὐσεβείας
296 2827 497 2933 κηρόγμέιτος
525 2848 560 2912 ἐν
590 2844 737 2934 ὑστέροις
771 2853 895 2932 καιροῖς
926 2843 1193 2930 ἐπιδεδημηκότας

89 2946 176 3024 ἐκεῖ,
206 2944 248 3010 τόν
267 2947 367 3014 πλείω
397 2947 458 3032 μὲν
480 2945 584 3013 αι’σοόν
617 2945 716 3012 αι’ποῦ
742 2971 779 3034 γε
808 2945 978 3034 έδροξαντο
1006 2943 1100 3030 μέρη,
1125 2941 1192 3026 ἅμα

91 3260 150 3317 serii
169 3259 305 3316 subiectos
325 3269 352 3314 et
371 3261 433 3316 iude
460 3261 604 3318 snimsrnm
636 3264 812 3336 regendorum
829 3261 937 3332 iegibus
962 3260 1109 3312 institutus.
1146 3255 1193 3326 qut
1227 3295 1231 3302 .

90 3334 172 3386 modo
192 3349 226 3386 es
251 3341 334 3402 pente
351 3333 414 3399 iiis,
435 3336 513 3388 modo
533 3345 674 3390 cx.uostrn
693 3345 765 3389 terre
784 3335 853 3388 ustis
873 3332 1045 3402 adunatisque
1063 3335 1125 3398 post
1142 3343 1193 3381 su-

92 3404 244 3458 tccerieutis
265 3413 375 3458 mortem
395 3413 485 3458 mutuo
506 3408 596 3462 seriem
611 3417 734 3476 occupet,
752 3409 789 3459 ite
809 3415 839 3458 ut
858 3405 929 3457 inter
949 3405 1012 3456 duss
1031 3409 1127 3471 gentes
1145 3401 1194 3453 tir.

93 3477 164 3528 mior
182 3477 334 3528 coniunctio
361 3484 388 3529 et
406 3477 507 3532 iirmior
532 3489 651 3553 potestus
678 3481 709 3532 εδ
729 3481 910 3545 incorruptam
938 3483 965 3528 ct
982 3475 1113 3526 sincerum
1131 3471 1194 3523 βδεῖ

93 3547 223 3598 unitatem
241 3549 397 3601 conservari
416 3553 511 3618 possit.
548 3560 628 3620 utque
646 3557 676 3604 ut
692 3550 835 3602 remotiora
859 3548 986 3609 omitum,
1006 3545 1084 3596 huius
1103 3543 1193 3608 operis

92 3618 258 3669 necessitsto
276 3618 385 3685 doctus,
412 3621 462 3673 init
490 3638 523 3674 ex
544 3621 611 3674 iiiuc
632 3623 719 3674 missis
738 3619 881 3674 Rosorseis
910 3619 956 3688 qni
976 3615 1044 3682 opud
1064 3629 1114 3665 uos
1133 3617 1195 3664 suut

95 3689 239 3756 episcopor
257 3691 363 3754 missus,
383 3694 425 3744 vir
443 3693 559 3759 prudens
585 3701 612 3744 et
632 3694 692 3761 pius
716 3694 824 3744 nomine
847 3689 1042 3756 Theognostus.
1078 3684 1141 3736 iude
1160 3682 1202 3734 sb·

94 3759 245 3828 longinquo
265 3767 385 3829 tempore
406 3765 480 3829 penti
498 3762 540 3815 iiii
560 3763 675 3816 eiectum
696 3770 753 3816 eret
775 3759 901 3828 tempium
921 3757 1050 3826 quoddam
1070 3763 1195 3823 tunqnnm

95 3837 177 3897 ceput
206 3829 334 3896 iiybedon
362 3833 534 3888 nominatum.
572 3833 641 3904 quod
668 3833 746 3887 brevi
770 3841 848 3886 untes
875 3827 1062 3883 insedentibus
1087 3825 1195 3894 Scythis

94 3901 360 3970 septemtrionalium
381 3903 514 3956 desertum
534 3912 563 3958 ut
583 3907 681 3960 dicitur
699 3905 797 3958 fectum
817 3909 866 3966 cst,
885 3909 915 3953 ut
931 3898 1045 3966 emptius
1068 3897 1195 3950 cuthoiici

94 3973 209 4026 iiussine
229 3973 349 4041 episcopi
368 3973 432 4026 ιεδε
446 3975 616 4044 dignumuou
637 3985 717 4030 esset.
737 3973 905 4045 quemobrem
919 3969 1087 4038 metropolim
1105 3978 1196 4022 truns-

95 4043 161 4096 icrri
180 4057 295 4098 neccsse
315 4051 373 4096 erut
392 4045 420 4096 in
439 4045 520 4098 aliurn
538 4045 626 4099 iocum
645 4048 677 4100 nd
703 4055 869 4115 praesentem
888 4044 1077 4096 necessitatem
1097 4049 1195 4109 uptum.

94 4123 152 4170 tots
172 4116 242 4168 enirn
261 4113 463 4170 itiniiussorum
478 4131 545 4186 gens
564 4119 605 4172 ire
625 4119 780 4172 uentissime
799 4115 931 4170 etmultns
951 4123 978 4168 ct
995 4115 1115 4170 diversus
1134 4111 1196 4162 iuris

94 4187 129 4241 sb
148 4185 265 4256 sntiquis
284 4187 447 4256 temporibus
471 4135 737 4260 regionesictttuus
765 4189 793 4242 iu
812 4188 862 4243 trin
887 4186 933 4242 rei
952 4195 1066 4258 quotuor
1083 4183 1196 4252 imperto

148 4282 312 4356 ttoqtm
333 4284 444 4357 Grecos.
472 4285 525 4342 Vei.
544 4285 598 4342 111.
704 4329 707 4336 ,
981 4285 1017 4343 ³3
