2872 4784
202 287 422 396 nrsroaran
439 289 698 355 nnzlamnan
715 291 809 355 xxx.
828 272 1016 356 λο-λλ.
1106 281 1179 356 283

82 455 151 534 χοῦς
172 447 253 534 πρὸς
272 453 334 515 ταῖν
365 451 489 516 πολλῶν
521 453 576 538 καί
604 451 701 527 αὐτὸς
723 452 850 542 ἀ’κοτίης
873 453 980 518 έκεῖνο·
1000 450 1040 538 δὴ
1064 451 1100 517 ad
1123 453 1180 516 sod

79 551 257 626 Πλάτωνας
279 553 425 634 σκαῖμμιι,
448 549 491 626 ὥς
515 551 644 636 α’μαθης
667 549 714 634 εἶ,
741 546 916 636 ὦέταῖρε,
939 555 994 618 καί
1019 553 1079 637 οὐχ
1102 553 1180 641 έπη·

80 646 100 738 ἦ
124 652 187 737 γὰρ
209 648 247 716 δν
269 651 338 715 οὔδ’
360 652 458 716 αὐτοῦ
473 675 508 736 γε
529 650 567 736 δη
586 658 758 720 Βασιλείαν
778 657 834 719 τοῦ
852 656 944 719 θείου
967 655 1180 733 παντάπασιν,

81 755 126 830 εἷς
145 751 262 834 ἔοικεν,
292 753 423 837 α’νήκοος
447 755 555 833 μείνας
582 757 621 843 τῇ
641 755 798 844 ἐπιστήμῃ
819 753 898 834 μεταλ
937 759 992 839 τῆς
1014 753 1181 836 εὐσεβείας

51 851 168 920 hodera
192 858 410 938 προοέκοπτες,
436 853 600 940 ὁμιλητέον
618 851 700 920 εἶναι
720 860 863 938 λέγοντος
885 857 1030 941 ποιηταῖς
1052 855 1106 918 καί
1126 861 1179 918 λα.

79 965 222 1040 γαποιοῖς
254 959 310 1019 καί
336 954 468 1041 ῥήτορσι
503 955 556 1020 καί
575 959 671 1020 πᾶσιν
700 955 884 1037 α’νθρτδποις
914 951 988 1020 ὅθεν
1009 948 1049 1019 δν
1070 959 1179 1038 μέλλοι

79 1055 158 1139 πρὸς
179 1057 235 1141 την
255 1057 312 1140 τῆς
331 1058 441 1140 ψυχῆς
465 1058 646 1138 ἐπιμέλειαν
666 1055 807 1143 ω’φέλειιί
821 1081 867 1133 τις
887 1055 1030 1124 ἔσεσθαι.
1074 1050 1179 1136 ὥσπερ
1221 1085 1224 1099 ·

79 1159 141 1242 γὰρ
167 1155 197 1222 ολ
220 1161 404 1222 δεοσοποιοί
429 1155 771 1240 προπαρακεοιέοαντες
804 1159 991 1242 θεραπείαρς
1024 1149 1313 1222 scodrinensem

80 1261 150 1324 ποτ’
170 1250 210 1322 ἒν
231 1249 253 1346 η’
274 1255 310 1322 τὰ
338 1254 504 1338 δεξόμενον
524 1261 582 1342 τήν
603 1256 730 1345 βαφήν,
749 1252 833 1324 σέτω
863 1260 897 1324 τὰ
921 1251 1019 1334 ὄνθος
1041 1255 1182 1340 ἐπάγου-

36 1373 144 1440 litora,
165 1354 204 1424 ὅν
225 1383 258 1423 τε
290 1359 448 1442 ἁλουργὸν
478 1351 518 1422 ἄν
539 1360 574 1424 τέ
598 1384 629 1423 τι
660 1361 765 1443 ἕτερον
791 1355 833 1449 ᾗ,
853 1359 908 1426 τδν
929 1357 1026 1425 ον’τδν
1060 1357 1098 1444 δη
1129 1355 1183 1422 κατ’

80 1460 177 1544 ἡμεῖς
197 1453 323 1542 τρίπον,
345 1459 375 1524 εἰ
391 1461 503 1538 μέλλοι
525 1459 717 1536 δνέκπλατος
741 1461 815 1544 ἡμῖν
838 1461 857 1545 ἡ
879 1463 936 1526 τοῦ
957 1465 1056 1525 καλοῦ
1076 1485 1183 1543 παρα-

79 1567 192 1644 μένειν
215 1561 300 1644 δόξα,
324 1569 391 1635 τοῖς
421 1557 480 1640 ἔξω
504 1557 540 1645 δη
571 1562 692 1634 τούτοις
720 1565 981 1644 προτελεσθέντες
1010 1565 1183 1646 τηνικαῦτα

83 1666 150 1727 ταῖν
172 1659 267 1744 ἱερῶν
300 1661 354 1726 καί
377 1659 567 1744 α’πορρητων
597 1662 841 1744 έπακοοοέμεθα
873 1663 1107 1744 παιδευμάτων,
1129 1665 1185 1726 καί

80 1757 151 1830 οἷον
174 1765 208 1827 ἐν
228 1758 323 1828 itari
344 1761 399 1826 τὸν
420 1755 510 1846 ἥλιον
533 1761 607 1847 ὁρᾶν
625 1766 831 1848 ἐθισθέντες,
856 1761 954 1837 οὕτως
977 1763 1062 1851 αὐτῷ
1083 1785 1185 1845 προσ-

37 1865 247 1947 senatoriam
277 1871 320 1953 τρλ
353 1863 437 1951 φωτί
458 1861 514 1940 τὰς
535 1857 639 1947 ὄψεις.
682 1867 805 1948 λέγεται
827 1867 883 1947 δέ,
904 1868 1004 1950 φησί,
1026 1868 1081 1930 καί
1101 1868 1183 1930 Μαι.
1260 1861 1263 1865 ’

81 1971 144 2052 σῆν
183 1964 377 2032 ἐκεῖνοντὸν
398 1963 499 2050 πάνυ,
533 1958 571 2030 οὗ
599 1969 748 2050 μέγιστόν
776 1970 863 2032 ἐστιν
893 1967 947 2032 tut
966 1967 1064 2056 σοφίη
1094 1965 1181 2048 παρὰ

83 2072 186 2134 πᾶσιν
208 2067 390 2150 α’νθριὸποις
407 2061 519 2150 ὄνομα,
537 2076 603 2144 τοῖς
615 2072 804 2152 Αἰγυπτίων
817 2067 1007 2152 μαθήμασιν
1023 2071 1183 2150 ἐγγυμνα-

81 2167 228 2250 σάμενον
246 2169 303 2252 τὴν
327 2166 471 2234 διάνοιαν
494 2162 575 2234 οὕτω
595 2175 782 2254 προσελθεῖν
804 2173 843 2259 τῇ
858 2173 980 2258 θεωρίηι
999 2172 1056 2234 τοῦ
1079 2161 1181 2244 ὄντος·

82 2272 319 2354 παραπλησίως
354 2273 390 2334 δέ
422 2270 522 2359 ταύτην
557 2271 615 2335 κα’ν
649 2282 716 2348 τοῖς
747 2275 829 2337 κάτω
849 2269 979 2356 χρόνοις
1009 2269 1060 2336 τὸν
1081 2267 1183 2356 σοφὸν

36 2369 211 2462 λθΔανιὴλ
229 2369 283 2436 dut*
305 2374 499 2453 Βοβνλολνδς
521 2396 600 2456 φασι
622 2371 679 2458 τὴν
703 2375 877 2439 Χαλδαίων
899 2377 1018 2459 σοφίαν
1040 2395 1184 2452 καταμα-

81 2471 184 2536 θόντα
208 2471 281 2534 τότε
303 2473 367 2535 τῶν
385 2475 482 2536 θείων
503 2469 653 2554 ἅψασθαι
678 2469 915 2553 παιδευμάτων.
966 2470 1037 2538 ἐπεί
1064 2475 1141 2553 γοῦν
1162 2465 1252 2536 d„

81 2574 342 2658 πεντεκαιδεκέτη
364 2596 400 2637 οι
431 2579 550 2654 μαθεῖν
572 2577 671 2658 ἐχρῆν
703 2577 761 2638 οιίκ
784 2573 923 2655 ἔμαθες,
942 2574 1016 2638 etot
1039 2597 1075 2655 γε
1098 2571 1185 2658 φρά-

81 2689 182 2758 τορας
210 2669 338 2760 ἑπτέτης
360 2672 485 2762 ἔφυσας
507 2675 586 2740 καταΙ
603 2698 637 2759 γε
660 2674 715 2740 τὸν
736 2679 768 2753 έξ
788 2675 930 2759 Ἀττικῆς
953 2673 1053 2762 σοφόν
1074 2675 1184 2752 εἰπεῖν,

87 3004 122 3041 ετ
142 2985 234 3040 nrnltlr
255 2994 283 3039 et
299 2985 358 3055 lpse
378 2985 469 3039 κοιλίαι
493 2985 560 3038 illud
578 2985 697 3041 Platonis
722 2987 879 3054 lumniam,
908 3001 984 3057 qnam
1003 2987 1125 3040 indoctas
1146 3003 1185 3054 ea,

86 3061 187 3123 amice,
208 3074 297 3128 neque
317 3057 494 3128 intelligendo
512 3073 562 3110 nos
582 3063 743 3129 assequeris.
786 3060 908 3128 proiecto
927 3061 1012 3124 eninr,
1030 3074 1186 3128 quamquam

85 3147 124 3184 ne
144 3131 230 3198 ipsius
250 3130 355 3199 quidem
374 3128 468 3182 Basilii
496 3130 580 3182 divini
599 3132 700 3184 videris
718 3133 825 3184 omnino
853 3129 1008 3200 neglexisse
1037 3131 1185 3181 institutio.

86 3217 173 3266 nem,
194 3201 231 3252 ita
255 3201 408 3254 offendebas
434 3201 461 3252 in
481 3203 596 3255 scientia
622 3211 649 3254 et
673 3205 793 3271 pietate,
822 3205 866 3272 qui
892 3203 996 3270 quidem
1021 3201 1187 3254 familiariter

87 3273 215 3326 utendum
237 3287 296 3324 esse
316 3273 381 3324 dicit
404 3273 492 3339 poetis
510 3281 536 3324 et
565 3274 699 3327 historicis
726 3283 752 3326 et
770 3274 921 3326 rhetoribus
948 3281 974 3326 et
994 3273 1115 3325 omnibus
1135 3273 1187 3323 ho.

87 3343 215 3406 minibus,
239 3344 382 3412 exquibus
402 3345 434 3395 ad
452 3345 532 3395 animi
548 3345 636 3397 curam
656 3347 757 3398 lructas
776 3347 874 3414 aliquis
887 3347 1078 3398 redundaturus
1096 3345 1138 3396 sit.
1159 3351 1188 3396 ut

32 3419 53 3440 “
88 3418 160 3469 enim
182 3414 329 3467 infectores
350 3431 407 3466 cum
429 3426 619 3483 praepararunt
637 3417 747 3469 multum
771 3419 908 3470 tractando
927 3419 971 3482 id,
993 3417 1062 3486 quod
1081 3431 1188 3468 succum

86 3487 219 3554 recipiat,
238 3495 292 3538 tum
311 3487 413 3538 demum
438 3486 554 3538 colorem
575 3489 723 3554 obducunt,
752 3491 811 3541 sive
837 3504 998 3556 purpureum
1019 3489 1077 3540 sire
1096 3487 1187 3549 alium,

13 3593 20 3606 .
89 3559 184 3610 codem
205 3557 286 3625 igitur
306 3559 383 3610 modo
402 3574 451 3610 nos
476 3574 592 3628 quoque,
617 3562 640 3612 ai
660 3559 833 3612 indelebilem
853 3559 931 3611 nobis
951 3559 1063 3628 gloriam
1084 3557 1187 3625 pulchri

87 3645 200 3682 manere
221 3627 362 3694 volumus,
383 3639 519 3698 postquam
539 3629 610 3697 illis,
633 3647 701 3700 quae
721 3639 795 3683 extra
814 3637 890 3696 aunt,
917 3631 1066 3698 praeparati
1087 3643 1186 3693 sumus,

87 3711 144 3754 tum
163 3701 267 3753 demum
287 3715 387 3752 sacram
414 3710 441 3752 et
466 3709 595 3754 secretam
623 3705 760 3756 audiemus
785 3703 944 3767 doctrinam,
973 3709 1000 3752 et
1018 3709 1046 3752 ut
1064 3708 1141 3752 antea
1160 3701 1187 3752 in

88 3788 158 3842 aqna
190 3771 274 3824 solem
299 3773 392 3824 vidore
422 3772 494 3826 soliti
521 3789 625 3841 sumus,
651 3777 687 3827 ita
712 3776 740 3826 in
765 3773 854 3826 lumen
885 3774 970 3841 ipsum
1000 3767 1186 3824 convertemus

88 3841 195 3898 oculos.
236 3843 345 3912 [dicitnr
361 3852 458 3908 autem,
476 3845 570 3914 inquit,
589 3846 677 3918 hloseo
697 3861 803 3915 qaoque
821 3844 871 3897 ille
890 3843 1090 3906 celeberrimus,
1110 3843 1185 3894 cuius

86 3915 230 3968 maximam
253 3922 294 3966 est
321 3923 430 3982 propter
453 3919 609 3983 sapientiam
629 3919 698 3985 apud
718 3917 837 3968 homines
867 3930 958 3967 omncs
984 3929 1097 3980 nomen,
1127 3929 1186 3965 cunr

21 4017 25 4040 t
89 3991 117 4040 in
139 3987 228 4038 literis
246 3987 440 4054 Aegyptiorum
462 3998 576 4040 mentem
596 4005 667 4041 suam
687 3989 871 4052 exercuisset,
892 3995 947 4038 tum
969 3986 1071 4037 demum
1093 4001 1188 4037 acces-

87 4062 160 4112 sisse
184 4058 216 4110 ad
234 4059 357 4109 veritatis
378 4057 532 4113 scientiamr
554 4061 635 4113 simili
653 4062 757 4113 ratione
777 4061 855 4111 etiam
874 4065 968 4126 postea
986 4057 1124 4110 Danielem
1144 4071 1189 4108 εε-

92 4133 213 4198 pientem
231 4129 323 4181 dicunt
340 4129 480 4198 Babylone
500 4131 691 4185 Chaldaeorum
711 4133 868 4200 sapientiam
894 4130 1014 4182 edoctum
1038 4143 1125 4180 rerum
1146 4128 1190 4178 di.
1271 4173 1273 4186 ,
1334 4153 1338 4161 -

86 4203 220 4257 ’τίτττκαι
240 4201 387 4256 doctrinam
407 4207 557 4275 tractasse]
597 4205 720 4276 quoniam
741 4219 810 4275 qnae
830 4203 979 4276 quindecim
1000 4213 1082 4257 onnes
1100 4205 1189 4253 natan
