2862 4784
263 265 313 343 st
571 268 794 340 uteunoar
829 235 1096 384 eaneonsn‘

263 437 319 498 θεν
349 433 510 500 ἐπανιόντι
540 455 597 515 μοι
626 435 723 517 μέχρι
752 435 809 496 καί
842 434 874 508 ές
889 429 1076 511 ’Βυζάντιον
1104 433 1159 516 τής
1198 434 1255 516 οής
1275 421 1368 496 ἕνεκα

263 537 341 608 θέας
364 538 419 598 καί
441 534 585 618 ὁμιλίας,
617 535 659 610 ιδς
681 531 827 620 ἔφθήμεν
849 528 1024 618 εἰρηκότες,
1061 536 1102 598 δι’
1123 530 1236 616 έρουτα
1250 537 1369 618 σοφίας

262 636 424 716 μείζονος,
452 634 528 713 ἴσως
557 637 592 700 δέ
613 635 668 700 καί
701 629 797 718 άλλης
830 635 909 718 πρός
936 631 1061 710 τούτοις
1081 638 1193 718 χρείας
1213 638 1269 698 καί
1287 637 1369 707 θέας

265 732 368 802 ὁπόσα
387 734 444 822 τήν
466 739 654 816 Βυζαντίαν
677 740 849 820 κεκτῆσθαι
870 731 962 800 πόλιν
986 737 1158 818 συμβαίνει
1179 739 1242 799 τῶν
1263 727 1370 798 ἄλλων

265 840 418 921 ἐξαίρετα.
462 839 520 902 νῦν
541 839 570 901 δ’
595 840 628 902 έν
650 829 767 920 οἷκαρεῖ
784 838 936 900 τάναντιά
966 838 1103 900 νικιόντα
1125 831 1284 917 θεάμενος
1309 841 1390 898 σεε-5

266 939 397 1026 ριαλγής
417 934 465 1024 ήν,
489 937 543 1004 καί
565 935 700 1022 ἐδάκρυε
720 940 780 1018 μὲν
794 934 850 1020 τήν
872 937 1040 1018 ευόέβειαν
1064 939 1096 1012 ές
1119 933 1203 1000 οδτοι
1223 960 1369 1020 περιφα-

266 1044 327 1115 νιός
355 1043 586 1104 συνελαθεῖσαν
615 1040 840 1120 έκριπέσθέντα
871 1037 1015 1100 κίνδυνον
1052 1037 1180 1118 τρόποις
1210 1039 1264 1100 τοῦ
1289 1040 1370 1100 θεοῦ

265 1137 529 1222 συγχωρήσαντος
561 1135 776 1221 α’πορρήτοις,
810 1137 945 1218 ἐδάκρυε
969 1137 997 1198 δ’
1033 1128 1137 1210 άλλως
1160 1136 1214 1199 καί
1236 1133 1291 1198 τόν
1313 1133 1372 1198 σόν

266 1237 474 1325 δφοροάμενος
496 1235 645 1320 θάνατον,
668 1236 701 1302 τό
725 1244 782 1301 τοῦ
805 1242 864 1303 σοῦ
892 1237 972 1300 κατά
994 1236 1070 1300 θεὸν
1094 1233 1190 1318 ζήλου
1211 1237 1371 1317 διάπυρον

268 1343 407 1418 ἐννοῶν,
431 1337 486 1402 καί
504 1333 580 1424 όσήν
598 1338 653 1422 τήν
676 1337 823 1404 ἔνστασιν
851 1338 932 1422 ὑπὲρ
955 1340 1016 1410 τιόν
1043 1343 1185 1421 πατρίων
1207 1338 1407 1402 &adeleno-tt

271 1446 351 1506 σθαι
372 1445 498 1521 μέλλεις
518 1443 692 1523 δογμάτων
704 1434 782 1524 άχρι
804 1439 957 1506 θανάτου.

373 1543 442 1606 Καὶ
464 1543 498 1606 τί
516 1544 568 1606 δεῖ
581 1539 683 1606 πάντα
706 1545 855 1618 διεξιέναι
880 1542 962 1616 ,καθ’
991 1542 1127 1619 ἕκαστα,
1153 1532 1211 1604 όσα
1235 1543 1292 1622 τής
1312 1541 1373 1622 κή-

271 1667 330 1710 σοκ
353 1646 442 1708 δυοῖν
464 1643 523 1724 οὐχ
548 1634 638 1728 ἧττον
659 1644 743 1708 ’διιόν
764 1640 966 1725 τεθεάμεθα,
998 1641 1101 1706 ὁπόσα
1131 1639 1247 1706 πόλεσί
1261 1664 1295 1705 τε
1319 1645 1374 1706 καί

270 1748 376 1828 λιμέσι
396 1741 450 1810 καὶ
474 1735 534 1809 ὅσα
556 1741 594 1828 δή
615 1753 685 1820 ταῖς
706 1739 819 1818 άλλαις
840 1740 991 1825 πρόσεστι
1004 1739 1128 1825 χώραις
1149 1739 1217 1806 ἐκεῖ
1233 1739 1274 1806 τά
1292 1741 1373 1826 χρή.

270 1871 360 1931 σιμα,
381 1849 444 1912 τεόν
464 1843 645 1928 ἔμπροσθεν
666 1841 879 1912 α’νθελκόντοον
898 1845 981 1928 ἡμᾶς
1002 1843 1040 1908 ου’
1060 1845 1184 1930 μικράν
1205 1843 1407 1926 ὑπαρχόν-15

271 1958 348 2014 suut
390 1945 440 2012 διό
462 1950 582 2014 τοότιον
604 1945 820 2031 ἀποσχόμενος
843 1945 997 2022 ε’πανόδου
1021 1943 1234 2028 μεμνήσομαι.

206 2069 261 2125 15
362 2043 459 2131 Ἀρτι
480 2051 586 2114 τοίνυν
608 2052 665 2111 τοῦ
686 2048 777 2132 ήλίου
800 2051 875 2130 περί
898 2044 1018 2131 τροπάς
1043 2051 1212 2129 γενομένου
1234 2045 1295 2123 τάς
1316 2051 1374 2110 θε-

272 2150 373 2237 ρινάς,
396 2149 504 2233 έπειδή
528 2173 562 2232 γε
586 2151 747 2230 ζδπαίρειν
768 2145 918 2229 ἔμελλον,
945 2140 1024 2232 άχρι
1044 2150 1170 2229 λιμένος
1199 2147 1316 2223 ἐκεῖνός
1335 2171 1373 2228 με

271 2251 476 2335 προύπεμπεν
498 2249 514 2314 ό
535 2249 631 2327 καλός
652 2252 682 2313 Γ
681 2251 821 2334 εοόρχιος,
846 2243 995 2333 δακρόοον
1017 2273 1051 2314 τε
1079 2252 1135 2312 καί
1152 2252 1253 2332 μέσην
1275 2252 1375 2315 εἰπεῖν

273 2348 461 2447 τεμνόμενος
482 2349 538 2436 τήν
559 2354 693 2434 καρδίαν
719 2352 812 2440 τιρμῷ
832 2355 1005 2438 χειρισμῷ,
1030 2346 1114 2415 ὥστε
1136 2351 1191 2413 καί
1211 2351 1268 2432 τής
1291 2345 1409 2432 ήμάςιο

274 2450 411 2536 α’χοόσής
434 2448 577 2533 ὁλκάδος,
601 2449 711 2536 ἐπειδή
733 2476 769 2534 γε
791 2453 965 2517 άνεπέτασε
987 2451 1024 2518 τό
1048 2449 1153 2536 ἱστία,
1183 2444 1278 2535 οὔρια
1300 2454 1375 2536 έφι-

274 2554 360 2638 είυης
388 2556 441 2617 έπί
459 2551 494 2618 τό
521 2555 683 2638 πέλαγος,
719 2548 881 2634 θεώμενος
903 2553 1022 2638 1ἵστατο
1051 2555 1150 2638 μέχρι
1182 2555 1305 2616 πολλοῦ
1323 2575 1374 2633 με,

274 2825 379 2864 meeum
397 2823 428 2862 se
447 2809 635 2876 navigaturum
653 2808 716 2861 iude
734 2808 849 2860 abeunte
867 2823 953 2877 usque
971 2806 1139 2876 Byzantium,
1160 2815 1190 2860 ut
1207 2815 1235 2860 ts
1251 2809 1375 2877 adspice-

277 2891 319 2936 ret
335 2890 435 2948 tuaque
455 2881 649 2932 consuetudine
668 2888 799 2945 uteretur,
821 2888 850 2931 ut
869 2895 949 2947 supra
967 2881 1018 2930 iam
1038 2879 1171 2943 diximus,
1195 2880 1306 2932 maioris
1331 2895 1374 2932 ss.

276 2954 397 3024 pientiae
417 2952 561 3018 cupiditate
580 2952 696 3016 ductus,
717 2952 830 3004 sortasse
853 2952 931 3004 etiam
956 2959 985 3004 ut
1002 2959 1144 3018 praeterea
1168 2949 1221 3002 elia
1248 2953 1374 3020 quaedam

275 3023 387 3091 negotia
408 3029 514 3073 curaret
534 3030 561 3073 et
580 3039 622 3073 res
641 3021 761 3074 illustres
780 3031 860 3092 atque
880 3025 1004 3092 egregias
1024 3023 1164 3087 inviseret,
1184 3039 1375 3090 quaspraeee-

276 3097 342 3147 teris
360 3095 548 3160 Byzantiorum
569 3094 630 3145 urbs
654 3093 782 3160 possidet.
820 3103 874 3145 tum
892 3109 957 3146 vero
977 3093 1180 3161 brevitempore
1191 3109 1302 3162 prorsus
1311 3111 1375 3146 eon.

157 3201 162 3212 ·
276 3175 317 3218 tra
337 3183 380 3218 res
400 3167 531 3216 cecidisse
551 3166 655 3229 videns,
674 3179 770 3233 magno
791 3165 885 3217 dolore
905 3165 1038 3217 cruciatus
1057 3164 1236 3217 illacrimabat
1248 3165 1374 3234 religioni

277 3240 305 3289 in
325 3236 473 3304 periculum
494 3236 647 3302 compulsae
666 3236 808 3288 manilesto
828 3239 931 3288 arcanis
951 3237 1038 3289 dei-id
1059 3237 1220 3288 admittentis
1229 3238 1374 3288 rationibus

164 3341 170 3352 ·
277 3307 430 3360 eunllatum.
452 3307 628 3358 illacrimabat
648 3309 725 3358 etiam
745 3309 823 3360 morti
837 3315 907 3372 tuae,
929 3323 1006 3376 quam
1026 3307 1220 3374 suspicabatur,
1240 3325 1321 3377 quum
1329 3323 1374 3360 eo-

279 3380 377 3448 gitaret
405 3393 482 3446 quam
501 3377 596 3430 ardens
617 3393 681 3446 erga
700 3379 777 3430 deum
798 3380 911 3431 studium
937 3393 1068 3448 quemque
1094 3394 1242 3446 pugnacem
1262 3389 1375 3432 conten-

279 3452 379 3502 tionem
399 3465 447 3516 pro
466 3450 560 3516 patriis
580 3451 709 3518 dogmatis
735 3465 819 3518 usque
840 3451 872 3502 ad
893 3457 1005 3503 mortem
1027 3449 1192 3502 exhibiturus
1213 3454 1300 3505 esse's.

380 3536 431 3588 Sed
451 3536 513 3604 quid
532 3537 628 3589 attinet
644 3539 731 3590 omnia
750 3537 903 3608 siugulatim
923 3537 1043 3604 referre,
1071 3553 1140 3606 qnae
1165 3539 1192 3588 in
1216 3538 1267 3590 illa
1292 3539 1376 3592 insula

278 3625 333 3661 non
351 3611 438 3661 minus
457 3607 559 3660 duobus
580 3610 656 3661 suuis
675 3610 834 3676 viderimus,
854 3625 922 3680 quae
941 3610 1077 3662 commoda
1095 3618 1240 3678 suppetunt
1270 3611 1376 3664 urbibus

280 3681 409 3748 portubus
442 3680 557 3748 aliisque
584 3681 672 3745 loeis,
701 3697 780 3750 quum
804 3682 874 3734 haud
897 3697 983 3748 peuea
1010 3681 1042 3734 ad
1073 3683 1247 3734 enarrandum
1278 3688 1376 3734 restent

279 3766 384 3872 {sosque
403 3751 577 3818 protrahant?
614 3768 696 3821 quare
721 3753 797 3806 hisee
816 3753 895 3806 rebus
913 3753 1001 3807 missis
1021 3752 1198 3820 profectionis
1217 3756 1375 3806 mentionem

293 3836 386 3873 aeram.
776 3851 779 3858 ·

382 3908 474 3962 Statim
493 3911 575 3978 igitur
594 3921 655 3979 post
672 3913 815 3966 solstitium
835 3914 966 3966 aestivum
985 3916 1064 3982 quum
1085 3914 1280 3982 profectionem
1301 3927 1375 3980 para-

282 3995 354 4044 rem,
382 3983 495 4048 optimus
517 3983 647 4052 Georgius
667 3985 807 4037 lacrimans
833 3994 859 4037 et
877 3985 964 4036 medio
984 3987 1088 4050 animo,
1108 3994 1138 4037 ut
1158 3987 1195 4036 ita
1221 3984 1326 4050 dicam,
1345 3983 1375 4034 oli

283 4065 372 4102 meum
400 4054 545 4106 discessum
572 4056 648 4106 fissus
677 4073 762 4124 usque
793 4057 825 4109 ad
853 4063 957 4124 portum
990 4073 1033 4108 me
1060 4055 1290 4124 prosequebatur,
1320 4055 1374 4115 ulti,

288 4139 368 4191 quum
387 4126 523 4192 navigium
542 4135 660 4178 nostrum
680 4128 750 4182 velis
768 4129 853 4193 passis
872 4128 986 4180 secunda
1005 4135 1163 4195 tempestate
1183 4126 1302 4180 inaltum
1315 4140 1375 4196 pro-

285 4194 404 4262 volant,
423 4197 469 4250 ‹liu
488 4197 574 4252 stabat
592 4197 678 4253 oeulis
697 4215 740 4252 me
757 4199 1058 4270 insequensmultssque
1076 4199 1376 4268 lacrimasprelandens,
