2872 4784
225 265 446 342 σιετοιαεε
472 267 730 340 nmmmrrss
758 276 853 344 xxx.
881 257 1010 346 6-7.
1123 269 1196 348 οτι

93 433 252 522 ρκ’τιιτον,
276 435 320 512 ὥς
341 437 513 503 κόντεόβεν
531 437 576 523 μὴ
597 439 693 520 μόνον
716 436 877 522 ἐξόριστον
895 440 1044 524 γεγονότα
1060 441 1116 508 τόν
1136 467 1199 508 αα-

91 535 252 623 τριόρχην
269 541 364 626 βιαίφ
386 536 517 628 θανότιρ
534 541 591 606 rusi
600 543 675 620 βίον
696 543 835 626 περᾶσαι
857 539 915 626 τόν
935 544 1094 627 τελευτήν,
1117 539 1197 610 diti
1208 545 1227 602 i·
1244 545 1294 602 133
1302 559 1331 602 v·

93 639 155 702 καί
183 639 247 702 τεόν
276 635 459 704 ἐπισκόπων
491 637 547 704 καί
578 646 801 726 πρεσβυτέρων
835 638 945 710 όπόσοι
964 639 1019 726 τόν
1053 641 1198 712 ἔνστασιν

92 739 270 822 σίιλίνητον
287 735 383 822 ἔσχον
413 737 447 806 ἒν
468 750 535 816 τοῖς
557 745 691 826 δεινοῖς,
723 737 817 819 ἄλλος
840 737 954 810 ditem
976 749 1028 828 τῆς
1051 747 1198 827 οίκουςιί-

66 848 151 922 5νης
173 837 360 919 διωκόμενοι
391 839 619 927 διεσπάρησαν.
677 849 720 910 εὀό
742 849 843 928 λέγειν
874 841 930 920 οός
961 847 995 911 όν
1015 843 1123 934 είρκιῇ
1142 849 1199 912 καί

93 937 186 1028 ζόφῳ
208 938 356 1025 θνήσκειν
378 947 557 1025 συνέβαινε,
581 948 635 1010 καί
656 940 723 1012 όοοι
743 951 824 1034 λιμῷ
847 949 902 1012 καί
924 950 1012 1029 δίψει
1035 946 1087 1012 καί
1109 947 1195 1034 πείσῃ

91 1043 159 1106 τῶν
180 1044 360 1124 ιίναγιισίωυ
377 1046 574 1132 στενοχωρίᾳ
591 1049 710 1127 βιαίοις
730 1049 881 1122 θανάτοις
904 1047 1098 1132 α’πὴλλαξαν.
1142 1047 1198 1112 καί

90 1140 129 1206 τό
151 1166 187 1224 γε
207 1145 315 1224 μεῖζον
339 1136 383 1208 ότι
405 1146 487 1228 μηδὲ
511 1150 629 1230 ταφῆς,
652 1139 737 1232 ιόγῆ
760 1152 814 1211 καί
836 1142 916 1231 ἥλιε,
937 1147 1017 1232 πρός
1041 1151 1103 1212 τοῖν
1124 1149 1197 1212 ε’πι-

89 1245 226 1328 νηδυίων
247 1241 415 1326 τυγχάνειν
436 1250 687 1328 συνεχωροῦυτο,
714 1249 795 1332 πλὴν
816 1239 921 1334 iiam
941 1247 1020 1314 κατό
1043 1245 1078 1314 τό
1102 1255 1196 1334 λελη-

47 1341 154 1420 1οθός
175 1343 421 1430 κστωρόττοντο.
455 1338 498 1412 ὧν
520 1347 595 1412 ouidi
615 1345 739 1414 τοότων
762 1349 936 1433 π’πίσχουτο
950 1345 980 1415 οἱ
1004 1347 1097 1425 κυνός
1118 1357 1194 1418 Λα·

90 1452 204 1531 καιύης
226 1449 314 1532 δίκην
332 1447 574 1532 ῥινηλατοῦντες
596 1453 650 1514 καί
669 1446 906 1532 α’νιχνεόοντες,
938 1448 1020 1518 οίλλό
1043 1449 1098 1516 καί
1120 1451 1195 1517 τεό-

90 1573 156 1614 των
178 1551 283 1624 ἐνίους
318 1545 495 1630 α’νιόρυξαν.
550 1545 809 1641 εότωόιωγμοόν
838 1547 985 1618 όπόντων
1013 1550 1195 1635 βσρότατος

90 1645 214 1714 οὖτοσί.
257 1653 292 1712 τί
307 1646 368 1734 γαρ
390 1647 519 1716 sisium
540 1647 670 1731 ἔμελλον
692 1657 796 1734 πλέον,
818 1655 864 1728 είς
885 1654 1079 1737 α’ναίσθητον
1100 1657 1195 1736 σῶμα

89 1750 150 1833 τὴν
169 1750 225 1833 τῆς
246 1743 365 1813 ότόπου
394 1756 502 1835 ψυχῆς
536 1751 761 1838 σ’γνωμοσόυην
794 1751 971 1836 ἐκχέοντες,-
1000 1759 1111 1818 θανείν
1131 1753 1193 1840 γάρ

47 1866 78 1920 15
89 1849 231 1935 ἀνάγκη,
260 1850 315 1934 ζῆν
341 1845 416 1933 ό’ἢ
452 1855 544 1940 ταφῇ
572 1858 803 1940 καλυφθῆναι,
825 1855 947 1918 τοότισν
980 1855 1007 1918 δ’
1031 1855 1195 1936 ου’όίτερον

87 1955 169 2027 τέως
192 1949 324 2034 α’νόγκη.
379 1950 428 2016 όιό
452 1950 487 2016 τό
508 1957 567 2034 μὲν
591 1953 644 2018 καί
664 1955 708 2036 μὴ
740 1959 943 2037 βουλομένων
974 1952 1194 2038 α’νθριόπωνῆ

87 2055 191 2140 φόσις
211 2059 305 2137 τελεῖ,
324 2053 359 2118 τό
384 2055 414 2117 δ’
435 2057 468 2118 ἐν
489 2059 527 2142 τῇ
548 2059 732 2138 προαιρέσει
755 2058 895 2136 κείμενον
918 2056 980 2120 τεόν
1013 2061 1194 2140 περιλειπο-

85 2159 196 2236 μένων
220 2151 356 2242 ’,ἔλεγχος
387 2153 542 2237 όποτίρου
563 2160 685 2239 γίνεται
715 2159 826 2234 dunin,
861 2153 917 2220 εἴτ’
951 2157 1102 2233 α’πονοίας
1132 2155 1194 2222 εἴτε

87 2255 255 2338 προνοίας.
278 2260 332 2339 τῆς
353 2255 391 2340 δὴ
413 2253 563 2342 τοιαότης
584 2255 832 2342 περικλονὴστως
856 2255 945 2341 ἔργον
966 2252 1121 2340 γινόμεθα
1141 2261 1227 2324 eui!

45 2355 197 2440 Εῠῆμείς,
220 2359 261 2421 ου’
278 2355 467 2440 βουλόμενοι
483 2366 551 2434 ταῖς
575 2361 704 2434 α’τόποις
719 2363 945 2444 καινοφωνιάις
965 2359 1103 2424 ὑπείκειν
1116 2363 1192 2424 Πα-

87 2459 184 2540 tansi
208 2458 353 2524 τουτουί·
398 2457 522 2524 ὁπόσων
543 2482 578 2542 γε
598 2455 664 2541 μὴν
686 2460 741 2524 καί
759 2459 821 2524 τόν
842 2461 953 2525 δεινῶν
972 2455 1193 2541 πεπειρόμεθα

86 2557 147 2624 διὰ
176 2562 293 2646 ταῦτα,
323 2564 549 2648 παραπέμπειν
583 2561 693 2637 οἰκοαίς
731 2559 948 2648 ἀνθρωπίναις
983 2559 1023 2624 nsi
1055 2555 1139 2626 πάνυ
1161 2583 1192 2624 τι

90 2905 150 2947 eam
176 2890 282 2962 quidem
307 2893 423 2946 omnium
447 2893 669 2946 terribilissimam
694 2901 721 2946 et
739 2891 939 2958 atrocissimam,
965 2893 1002 2945 ita
1019 2899 1049 2945 ut
1067 2891 1136 2945 bane
1155 2889 1189 2946 nb

87 2981 146 3018 rem
165 2979 220 3016 non
245 2963 331 3016 seium
355 2965 505 3033 patriarcba
535 2965 661 3033 erpuinus
686 2973 771 3018 morte
795 2964 917 3018 violenta
943 2965 1013 3018 diem
1039 2979 1189 3032 supremum

88 3037 189 3100 obiret,
210 3037 256 3088 sed
276 3037 355 3087 etiam
375 3039 562 3104 episcoporum
585 3046 611 3090 et
631 3038 846 3105 presbyterorum
867 3043 997 3106 quotquot
1014 3037 1042 3087 in
1059 3035 1188 3106 perieulis

88 3116 257 3160 constantem
286 3109 358 3160 vitae
387 3110 516 3160 rationem
543 3109 684 3174 tenebant,
704 3110 772 3162 uiiue
800 3108 854 3160 alio
881 3123 929 3176 per
948 3107 1039 3159 urbem
1059 3115 1188 3160 terrarum

89 3181 219 3249 exagitati
239 3180 441 3246 dissiparentur.
489 3183 581 3232 omitto
607 3197 732 3246 narrare,
756 3181 851 3249 quibus
872 3179 1009 3243 acciderit,
1030 3179 1105 3230 utin
1127 3193 1188 3230 aar.

89 3267 154 3303 cere
176 3259 203 3302 et
218 3253 337 3303 tenebris
356 3253 484 3304 interient
502 3267 648 3322 omnesque
667 3255 711 3322 qui
733 3253 801 3303 inme
821 3261 848 3304 et
866 3253 909 3304 siti
930 3259 958 3302 et
976 3252 1189 3303 necessariorum

88 3323 203 3390 penuria
223 3329 308 3374 morte
321 3324 442 3376 violenta
461 3325 640 3377 decederent:
661 3333 689 3376 et
701 3325 726 3376 id
745 3324 908 3392 quodetiam
927 3325 1037 3393 gravius
1050 3331 1099 3386 est,
1118 3321 1189 3391 quad

87 3409 123 3446 ne
143 3393 296 3460 sepulcrum
309 3395 423 3462 quidem,
440 3404 538 3448 eterra
558 3395 649 3460 eterni,
667 3405 697 3447 nt
712 3395 842 3447 haberent
854 3411 903 3463 per
917 3402 1056 3464 cognatus,
1075 3395 1109 3446 iis
1120 3409 1188 3446 anu-

88 3481 195 3517 eesanm
207 3473 257 3530 est,
270 3467 322 3518 uisi
338 3467 489 3535 quicunque
500 3467 568 3519 ciam
581 3467 765 3532 humabantur,
777 3482 932 3536 quamquam
942 3467 1018 3518 neab
1032 3467 1072 3518 bis
1082 3467 1187 3534 quidem

88 3538 140 3590 sibi
155 3537 343 3604 temperabant
355 3537 396 3589 iiii
411 3541 485 3590 cauis
503 3539 651 3591 Laconicae
672 3540 755 3590 instar
774 3539 916 3590 odorantes
935 3546 961 3590 et
978 3539 1186 3605 investigantes:

88 3609 136 3660 sed
156 3608 249 3661 borum
266 3625 372 3679 qunque
384 3609 528 3662 nnnnniius
546 3610 689 3674 eruebant,
706 3610 773 3661 baec
787 3611 869 3678 igitur
888 3609 1004 3661 omnium
1017 3607 1187 3674 persecutio.

88 3695 150 3752 num
168 3680 219 3732 init
238 3683 404 3749 gravissimu.
430 3683 493 3750 quid
509 3683 578 3734 enim
594 3680 708 3748 emplius
727 3683 892 3733 committere
903 3685 1027 3748 poteraut
1047 3680 1075 3732 in
1090 3693 1187 3744 corpus

89 3767 170 3804 sensu
191 3767 285 3804 eureus
304 3754 384 3806 animi
404 3755 488 3820 inepti
506 3754 682 3824 ignorantium
703 3753 877 3804 eiiuudentes.
909 3767 968 3804 narn
986 3751 1053 3802 mori
1073 3765 1187 3804 neeesse

89 3831 146 3888 est;
175 3825 245 3893 quud
265 3833 352 3876 autem
374 3825 406 3876 sd
427 3827 569 3878 vivendum
594 3833 639 3878 aut
657 3823 818 3891 sepulturam
841 3825 936 3876 attinet
954 3822 1047 3874 borum
1066 3829 1188 3874 nentrum

90 3896 198 3946 omnino
212 3911 326 3948 necesse
346 3905 404 3948 est:
426 3906 537 3964 propter
556 3897 626 3966 qnod
644 3895 756 3948 aiterum
777 3897 854 3948 etiam
867 3897 958 3948 invitis
974 3894 1124 3946 bominibus
1137 3909 1187 3946 na.

88 3973 149 4018 tura
167 3969 289 4036 perfluit:
317 3967 430 4020 alterum
455 3971 481 4020 in
508 3969 647 4022 voluntate
678 3969 792 4035 positum
820 3969 991 4035 superstitum
1017 3967 1121 4036 signum
1148 3973 1189 4018 est

88 4037 286 4094 alteriusutriae
305 4056 352 4094 nus
379 4041 528 4094 dementiae
554 4049 600 4092 aut
627 4041 792 4108 prudentiae.
829 4039 877 4091 tali
903 4041 986 4108 igitur
1010 4039 1187 4092 insectatione

88 4109 222 4164 aiiicimur
242 4113 321 4164 etiam
340 4127 400 4178 nos,
422 4113 587 4182 quiquidem
607 4113 714 4179 ineptae
726 4127 823 4164 vocaus
836 4113 949 4164 novitati
970 4109 1092 4164 Palemne
1110 4109 1186 4162 istius

86 4182 230 4256 indulgere
248 4184 374 4240 nolimus.
412 4187 500 4238 omnia
520 4187 625 4255 quidem
643 4183 730 4252 mala,
751 4199 819 4253 quae
843 4192 987 4255 propterea
1012 4181 1115 4252 experti
1137 4193 1186 4232 su.
