2872 4780
103 304 144 386 „3
216 287 284 360 ro
436 255 455 310 ³'
545 279 771 352 ermenone
800 246 1032 348 erucem

223 440 329 536 -έγοιγ’
350 413 517 533 άκνὴοςδμι
539 443 657 530 σχολὴν
690 436 797 530 άγοντι
820 443 875 507 νῦν
896 444 1081 526 προφέρειν,
1094 412 1240 521 ἔνιαικαί
1259 457 1335 520 προ-
1424 399 1425 440 ¹

74 596 79 605 ·
168 578 178 595 ·
209 555 358 618 ’τιθέναι
377 571 429 616 σοι
451 551 607 633 βραχείας
627 544 708 620 τινὸς
732 540 947 627 ἀντιρρήσεως
967 539 1140 626 πρόφασιν.

94 680 102 696 ·
199 674 224 727 2
326 653 390 740 ²Tei
410 651 473 737 μέν
492 646 530 732 δὴ
550 648 637 735 τὸμφ
659 647 767 734 ἐκείνῳ
783 647 839 726 τῆς
856 639 1021 706 ἀντιθέτον
1045 637 1222 720 δυνάμεως,
1242 637 1339 720 Ἀγα-

225 734 381 838 ’θάγγελα
402 736 458 815 νῦν
481 745 603 830 ἀωρίαν
624 741 705 812 εἶναι
736 741 861 826 μακράν
885 743 1073 824 ἀντιλέγειν,
1097 741 1224 804 σκοπῶν
1247 738 1340 820 ἀκρι-

77 986 90 1005 ·
165 1012 172 1022 .
237 962 392 1038 πολέμιοι,
411 952 468 1027 ιάς
492 950 597 1038 strip
621 940 782 1029 παράδονς
802 945 940 1027 ἀκριβῶς
967 944 1163 1025 κατέχοντες,
1186 945 1241 1006 καί
1261 949 1341 1006 πολ-

238 1059 289 1122 λοί
306 1060 362 1141 τῆς
383 1054 537 1138 ἡμετέρας
558 1044 696 1131 γλώττης
728 1050 892 1127 ἐπίβουλοι
914 1044 1086 1126 κάθηνται,
1107 1039 1244 1126 ἔφεδροί
1260 1065 1342 1116 τινες

236 1163 335 1226 εἰπεῖν
358 1157 499 1242 φρουροί
526 1153 580 1214 καί
608 1145 836 1232 ἡμεροσκόποι,
862 1141 1001 1224 λ’νδαλμά
1023 1169 1054 1206 τι
1077 1145 1241 1227 ζητοῦντες
1260 1165 1343 1226 προ-

235 1257 365 1346 φάσεως
388 1251 520 1320 ολασοῦν
543 1251 718 1335 εἰληφέναι,
740 1249 778 1312 ἵν’
802 1247 888 1329 ἡμᾶς
906 1245 1129 1326 ἀναιδέστερον
1150 1242 1346 1324 ὑβρίσαντες
1426 1333 1427 1340 ρ

211 1356 321 1440 ·ὃμου”
353 1359 409 1420 καί
442 1355 497 1438 τῆς
528 1351 689 1434 παρούσης
713 1351 796 1430 ζωῆς
818 1343 1047 1426 ἀπαλλάξασι,
1071 1343 1126 1408 καί
1147 1346 1263 1452 δόξωσι
1286 1349 1388 1418 irs-10

109 1503 118 1515 -
215 1457 345 1545 ,τρείαν
367 1453 538 1538 προσάγειν
559 1459 625 1526 τοῖς
648 1453 704 1514 νῦν
724 1445 868 1531 ἡγεμόσι.
922 1443 1020 1526 κάμοί
1038 1447 1097 1526 μέν
1118 1444 1261 1509 θανάτου
1284 1449 1348 1526 με’-
1427 1509 1428 1518 ,

104 1592 111 1601 -
210 1565 286 1624 -λει
308 1555 380 1621 οάδ’
411 1553 539 1619 ὁτιοῦν·
594 1547 747 1634 ονμφιιὶγς
775 1548 860 1630 γάρ,
897 1549 952 1610 καί
972 1545 1003 1608 εἰ
1020 1545 1065 1628 μὴ
1087 1544 1248 1630 τήμερον,
1273 1545 1349 1610 ἀλλ’
1427 1599 1428 1632 ,

237 1651 350 1742 αὔριον
373 1653 450 1735 ἴσας
472 1651 602 1736 ἀδήλοις
624 1652 716 1714 ποσίν
737 1647 939 1711 ἐπιπείσεται.
983 1643 1047 1708 τοῖν
1071 1646 1101 1707 δ’
1125 1637 1182 1709 οδν
1208 1645 1348 1719 deesses.
1427 1677 1428 1684 ι

238 1781 302 1823 ταν
324 1757 450 1843 φειδοῖ,
482 1752 528 1837 μή
552 1748 714 1836 πρόφασιν
737 1743 821 1831 ἡμᾶς
843 1745 1025 1827 ποιούμενοι
1058 1747 1114 1832 τήν
1134 1749 1227 1812 θειάν
1250 1747 1352 1812 αάτοί

238 1860 313 1924 καθ’
347 1856 453 1923 αάταῑν
487 1852 584 1937 ἀργὴν
612 1850 804 1936 έρεθίζοοσι,
836 1847 956 1914 τούτων
990 1853 1020 1913 δ’
1050 1842 1107 1913 οάν
1133 1847 1223 1913 ἕνεκα
1251 1851 1391 1932 osyriv15

239 1943 381 2044 ἀνάγκη,
414 1961 468 2043 καί
492 1951 625 2037 μάλισθ’
646 1947 693 2017 ὅτι
714 1954 790 2036 μηδ’
815 1950 876 2016 άνά
899 1961 1013 2037 χεῖρας
1042 1948 1127 2036 ἔχειν
1151 1945 1232 2034 ἡμᾶς
1252 1957 1366 2050 ’ξονι--Ι

242 2055 398 2124 πειιτοάκει
420 2055 475 2120 τάν
488 2053 584 2134 τάμον
599 2056 735 2132 ἐκεῖνον,
758 2055 812 2116 ἵνα
828 2054 952 2128 πάντας
975 2057 1091 2135 βέβαια
1113 2050 1169 2114 καί
1186 2047 1231 2134 μά
1250 2047 1352 2136 κωφὰ

245 2155 286 2222 τά
309 2153 549 2241 προβαλλόμενα
570 2143 602 2242 ᾗ.
636 2149 764 2216 έπειδάν
783 2153 811 2214 δ’
829 2149 845 2213 ἀ
862 2153 917 2234 τῆς
937 2153 1065 2235 αἰθρίας
1082 2148 1258 2237 άναλάμψρ
1275 2173 1355 2212 και-

241 2258 294 2344 ρὸς
309 2255 395 2342 καὶὴ
412 2255 615 2340 προσάνονσα
637 2257 677 2342 τῇ
696 2249 816 2340 γλώττῃ
836 2255 997 2336 παρρησία
1007 2240 1222 2338 ’προσγένηται
1240 2249 1299 2329 ξάν
1311 2275 1351 2334 γε

239 2363 321 2448 θεῷ,
344 2355 414 2422 τότε
440 2354 479 2440 δὴ
503 2353 588 2438 κάγώ
612 2353 692 2435 μετά
715 2356 830 2436 σχολῆς
853 2351 1020 2434 ἀναλαβών
1042 2351 1193 2438 deperiere
1215 2349 1270 2417 τὸν
1293 2375 1395 2433 sus-20

240 2457 317 2540 κράν
335 2481 410 2540 μου,
432 2461 486 2522 καί
504 2457 574 2521 τάτε
598 2450 778 2534 κλαύσομαι
802 2457 923 2535 πικροῖς
945 2456 999 2518 έπί
1019 2452 1052 2518 τά
1078 2449 1263 2538 σάντριμμα
1286 2455 1348 2518 τοῦ

122 2565 127 2573 “
239 2563 348 2642 γένους
367 2581 444 2638 μου,
467 2559 679 2636 καταδέσμοις
696 2551 796 2641 φάναι
817 2553 871 2618 καί
892 2556 1076 2640 φαρμάκοις
1100 2557 1255 2640 ἰατρικοίς
1277 2553 1350 2620 τιοί
1430 2563 1431 2568 ’

239 2661 296 2744 τὴν
315 2663 373 2723 τοῦ
393 2659 548 2724 τοσοάτον
570 2655 695 2733 πάθους
727 2651 770 2731 ὥς
792 2647 857 2720 οἷόν
880 2679 914 2720 τι
945 2653 1138 2741 πειρώμενος
1161 2655 1346 2742 φλεγμονιγν

240 2946 331 3018 egenti
349 2943 479 2998 nonnulis
497 2943 621 3014 proferre
642 2950 669 2994 et
692 2942 783 2998 brevis
811 2943 945 2996 euiusduns
966 2943 1141 3026 refutetionis
1167 2959 1249 2998 esuss
1274 2961 1344 3015 pro.

241 3033 354 3088 ponere.
832 3035 836 3046 ·

339 3111 537 3166 lieiutstienem
565 3114 629 3164 torni
661 3111 785 3166 iectionis
818 3113 1006 3181 adversariae,
1031 3113 1242 3182 Aguthsngele,
1270 3131 1344 3168 nune

145 3189 158 3216 s
239 3202 317 3255 quesn
336 3185 450 3236 maxime
469 3185 682 3250 intempestivum
708 3185 786 3248 iore,
814 3192 938 3236 sceorste
957 3185 979 3236 si
999 3199 1055 3236 seen
1074 3185 1343 3252 perpendenduhsud

239 3256 413 3318 diffiteberis3
433 3254 509 3305 multi
530 3255 599 3305 enim
618 3255 719 3307 inimici
747 3255 825 3307 nobis
853 3256 1026 3319 insidiantur,
1053 3270 1145 3306 omnes
1165 3257 1342 3311 circumcirca

240 3328 326 3380 sditus
346 3325 490 3392 diligenter
510 3325 701 3391 custodientes,
721 3335 748 3379 et
766 3325 841 3379 multi
860 3335 1009 3378 nostrorum
1030 3327 1173 3378 verborum
1186 3338 1344 3395 esptstores

240 3398 359 3450 sssident
376 3403 498 3463 tunqusrn
519 3397 647 3447 stationes
668 3405 694 3448 et
707 3397 846 3461 excubiae,
859 3413 955 3450 eaesae
974 3397 1076 3466 aliquid
1095 3397 1183 3450 simile
1206 3407 1344 3468 quaeres.

241 3478 291 3532 tes,
311 3475 344 3520 ut
358 3467 526 3534 impudenter
544 3475 571 3517 et
591 3469 785 3520 contumeliose
804 3484 854 3520 nos
872 3477 998 3520 tractatos
1018 3471 1072 3521 sits
1094 3469 1205 3537 insuper
1223 3473 1343 3538 privent

241 3549 322 3610 utque
341 3539 390 3603 iis,
414 3539 458 3606 qui
482 3552 552 3589 nunc
570 3553 658 3589 rerum
678 3541 754 3606 potiti
774 3549 851 3604 sunt,
878 3540 996 3590 officinm
1023 3541 1152 3608 quoddam
1172 3545 1343 3608 praestitisse

241 3611 390 3666 videantur.
433 3609 497 3660 milri
520 3609 625 3678 quidem
645 3626 714 3662 mors
734 3611 857 3662 rninirnue
878 3627 957 3662 curse
977 3619 1033 3674 σοις
1053 3611 1142 3664 intulis
1163 3615 1233 3664 enim
1254 3623 1295 3666 est
1317 3624 1344 3667 et

240 3684 263 3736 si
281 3697 334 3734 non
351 3682 450 3746 hodie,
476 3688 503 3732 et
528 3683 641 3734 fortusse
667 3681 783 3734 erastino
810 3681 853 3734 die
878 3683 988 3734 incertis
1006 3681 1131 3751 gradibus
1151 3695 1201 3736 nes
1220 3685 1342 3738 inundet.

240 3753 458 3820 persecutoribus
479 3768 544 3804 vero
565 3753 688 3820 quoniam
708 3769 819 3820 pereere
834 3753 978 3818 volumus,
1005 3761 1149 3808 uenustus
1169 3771 1248 3807 ceusu
1267 3757 1342 3808 divi.

241 3837 302 3874 nuru
321 3823 348 3873 in
368 3824 481 3874 seirent
501 3826 645 3888 concitent,
665 3841 779 3876 necesse
799 3833 839 3877 est
858 3833 960 3889 tacere,
981 3827 1136 3891 praesertim
1154 3842 1234 3894 quum
1256 3844 1289 3878 no
1315 3831 1342 3880 in

241 3891 361 3944 menibus
381 3894 487 3960 quidem
509 3893 651 3948 habeamus
670 3903 767 3946 tontum
794 3895 884 3961 illuns,
910 3904 938 3946 ut
956 3897 1083 3948 refutatio
1107 3899 1178 3948 omni
1204 3914 1237 3950 ex
1265 3909 1344 3966 perte

242 3965 316 4016 iirms
334 3978 422 4030 neque
441 3963 538 4016 debilis
558 3972 638 4032 etque
657 3967 752 4018 obtuse
771 3967 849 4018 ieret.
896 3966 1007 4018 simulac
1027 3981 1093 4020 vero
1113 3971 1268 4021 serenitatis
1289 3987 1343 4021 ex.

242 4033 414 4101 splendescet
434 4041 536 4100 ternpus
556 4043 583 4086 et
607 4037 675 4090 iuste
696 4037 806 4106 linguae
825 4038 935 4089 licentis
954 4040 1005 4090 deo
1032 4039 1174 4091 adiuvante
1204 4047 1342 4109 suppetet,

242 4113 306 4156 tune
325 4119 376 4172 ego
396 4107 424 4156 in
443 4107 499 4158 otio
519 4121 615 4174 corpus
631 4125 717 4160 ruenni
741 4118 872 4161 mortuum
898 4111 1022 4162 reficiens
1049 4109 1148 4180 lugebo
1178 4119 1205 4162 et
1230 4115 1343 4181 generis

242 4177 296 4230 mei
314 4176 502 4230 contritielern
522 4176 619 4230 seerbe
637 4179 751 4244 deflebo,
771 4179 959 4248 slligsrnentis,
979 4187 1008 4232 ut
1027 4181 1064 4233 ite
1082 4182 1176 4248 droun,
1200 4190 1229 4234 et
1252 4184 1343 4236 suedi.
