2862 4784
511 287 754 366 ditinum
1106 313 1178 384 ‘un
1281 283 1301 366 f

74 443 80 456 '
178 386 342 524 'uiltorum
373 454 531 532 codicem
562 459 796 544 Parisiensem
834 459 947 570 priori
972 465 1177 578 supplendo

73 610 310 703 comperimus
336 636 356 685 a
383 608 813 720 Fridericoliostgaardio
836 649 916 710 osse
940 657 989 711 ex
1007 633 1178 718 Vaticano

73 766 307 862 exscriptum,
328 773 539 873 missumque
563 777 719 860 Parisios
744 787 807 864 tali
832 787 1083 894 propemptico.

528 1039 588 1116 At
614 1042 740 1120 librum

248 1211 361 1296 duplex
386 1213 628 1285 dodecastichon
651 1222 801 1292 Frideriei
821 1227 1006 1334 liostgaard

529 1419 723 1433 ———.-

67 1566 168 1636 Parve
188 1569 279 1655 liber,
301 1591 436 1658 propera
459 1578 611 1644 dominam
633 1587 809 1671 pertingere
829 1589 869 1654 ad
889 1593 1007 1676 urbem,

154 1673 253 1748 Quam
274 1693 331 1740 rex
350 1677 492 1762 Europae
516 1690 617 1748 terror
639 1705 786 1771 amorque
806 1690 901 1758 fovet.

68 1776 147 1840 lnde
168 1779 362 1844 verecundus
385 1787 415 1844 te
439 1799 545 1846 sacras
570 1784 708 1852 conler
700 1810 731 1852 rn
754 1792 850 1858 aedes

153 1877 237 1954 Quas
258 1880 320 1946 late
339 1879 470 1966 Augusti
489 1884 678 1953 bibliotheca
699 1891 807 1972 replet.

37 1979 127 2046 ⁵Per
148 1982 204 2044 tibi
225 1984 370 2047 continuo
391 1991 515 2064 praesto
543 1993 591 2050 est
610 1989 730 2074 insigne
755 1995 902 2078 virorum,

150 2082 205 2146 llle
229 2101 314 2148 meus
337 2084 479 2150 Clemens
501 2086 705 2172 Boivinusque
728 2113 824 2160 meus.

61 2182 224 2248 Alteruter
243 2191 273 2248 te
295 2181 446 2262 deducet,
465 2187 516 2250 vel
538 2187 643 2256 forsan
663 2200 808 2276 uterque·
879 2225 881 2232 v

148 2283 252 2350 Cernis
274 2289 356 2350 enirn
379 2295 443 2352 tote
466 2295 514 2352 est
533 2295 616 2356 natio
639 2293 879 2382 Franoigenurn:

58 2386 98 2450 Et
120 2393 153 2450 te
177 2387 307 2452 Tellerio
329 2391 426 2455 sistet.
470 2398 503 2453 tu
525 2400 663 2474 tempora
686 2395 771 2461 sandi

16 2493 48 2546 10
141 2487 289 2571 Expecta,
310 2498 341 2553 et
360 2493 451 2555 venia
474 2491 593 2557 dissere
613 2514 713 2578 pauca
735 2497 815 2565 data.

55 2591 116 2654 Dic
138 2611 158 2658 u
182 2610 241 2674 quo
263 2597 373 2660 missus
395 2599 514 2679 venias,
539 2607 570 2662 et
591 2616 680 2680 quarn
701 2620 821 2667 memor
842 2621 938 2686 rusque
1012 2661 1015 2669 ,

142 2693 267 2759 Mittens
290 2697 416 2762 Tellerii
437 2702 562 2764 nomina
585 2710 691 2767 sancta
712 2704 803 2768 colat.

55 2793 175 2880 Nempe
198 2797 322 2861 iubente
344 2797 396 2864 illo
418 2801 520 2864 cuncti
540 2809 668 2882 patuere
690 2823 834 2872 recessus

141 2897 221 2960 Dum
242 2904 295 2964 tue
316 2918 376 2981 me,
400 2898 487 2966 dives
503 2902 654 2986 Sequana,
674 2907 741 2987 ripa
761 2913 853 2988 tenet,

15 2996 226 3083 ¹⁵Utiliusque
248 3001 350 3066 datum
372 3011 420 3068 est
442 3007 561 3090 regalia
581 3014 663 3072 tecta
684 3011 788 3073 subire

139 3100 343 3186 dtillenosque
361 3105 450 3169 libris
473 3091 650 3192 invigilasse
675 3094 752 3174 dies.

49 3201 109 3265 Dic
130 3219 189 3284 pro
212 3211 258 3268 tot
276 3209 404 3287 meritis,
430 3225 489 3290 qna
508 3207 570 3272 late
593 3209 767 3275 extenditur
788 3212 886 3295 orbis,

138 3302 262 3368 'lellerii
284 3305 393 3372 landes
415 3327 464 3370 me
486 3319 654 3391 praeeunte
676 3315 765 3393 cani,

50 3403 201 3486 Quaeque
223 3425 311 3472 meae
336 3417 467 3473 renuunt
486 3417 596 3475 tenues
617 3415 796 3495 persolvere
819 3415 913 3496 vires,

15 3501 38 3554 'ss
135 3507 196 3571 Pro
218 3527 267 3571 me
288 3509 443 3576 Musarum
465 3511 598 3576 reddere
619 3513 699 3577 velle
722 3514 859 3580 chorum.

47 3606 149 3672 Unum
172 3608 233 3672 hoc
255 3609 345 3692 adde,
367 3612 455 3693 liber,
479 3631 543 3676 non
561 3621 592 3676 te
612 3631 669 3696 pro
693 3633 819 3680 munere
840 3619 927 3698 mitti,

131 3707 197 3778 Sed
218 3710 271 3776 lidi
292 3717 402 3798 pignus
425 3709 529 3778 cordis
550 3720 581 3778 et
601 3716 751 3798 obsequii.

43 3809 82 3874 Et
105 3811 232 3878 dubitur
252 3814 369 3896 forsan,
393 3818 420 3880 si
444 3815 582 3882 crederis
602 3819 684 3880 utilis
704 3817 768 3899 ulli,

128 3913 263 3998 Augusti
284 3915 316 3978 in
338 3913 445 3981 lorulis
466 3911 505 3980 at'
520 3919 640 4000 potiare
660 3916 742 3984 loco.
853 3925 857 3932 '

173 4067 328 4150 Scriptum
349 4067 465 4134 Romae
486 4086 515 4134 a.
540 4065 570 4133 d.
592 4067 679 4134 xxti
700 4069 773 4135 stati
794 4070 983 4138 uocxcttt

456 4207 714 4223 ———-—-·-
