2872 4784
212 256 435 324 msuomau
463 255 720 323 prosumnus
745 207 843 324 xlx,
859 239 1045 322 iti-uo.
1120 250 1190 322 soa

94 415 267 504 τόλμηκας,
285 419 474 494 ύποστύσεις
486 423 546 498 μὲν
567 418 734 494 α’νουσίους
750 414 900 503 θεότητος
917 418 945 481 d’
959 417 1197 492 ἀνυποστάτους

95 525 210 603 σέβων.

202 627 357 705 Τέταρτον
379 627 415 688 dd
444 618 495 687 ότι
521 623 576 686 καί
603 620 657 687 τόν
687 614 857 702 ἄνθρωπον
880 619 934 684 καί
966 619 1018 684 τὸν
1040 624 1131 683 λίθον
1152 621 1263 694 είςΙΟ

95 719 276 808 ὥτ’όύειγμα
293 727 410 810 φέρων,
432 723 488 788 καί
509 723 692 807 ὁριζόμενος
715 724 828 787 ούσίοιν
842 717 924 788 εἶναι
946 719 1024 802 μετά
1048 725 1110 786 τοῖν
1132 747 1199 806 φυ-

62 829 195 900 dosside
216 828 292 906 περί
312 825 410 910 αὐτὴν
432 826 603 908 ὁρωμένων
617 828 931 909 συλλομβαυομένην,
952 820 1055 899 ἑάλως
1077 821 1122 889 ἔτι
1144 821 1200 888 καί

94 924 344 1008 συμβεβηκότων
366 927 524 1011 σύλληψιν
546 921 627 992 εἶναι
644 928 780 1004 νομιζων
803 926 861 1009 την
882 929 974 989 θείαν
997 924 1117 1009 ἐκείνην
1139 927 1226 999 ori-f,
1238 944 1324 1002 1362,

94 1027 172 1089 σίαν
194 1019 300 1108 άόστιερ
322 1025 377 1090 έπί
397 1028 453 1090 τοῦ
483 1029 718 1110 προβληθέντος
739 1050 788 1089 σοι
813 1029 923 1106 λίθου,
946 1024 1045 1107 βάρος
1068 1023 1198 1106 ψυχρό-

92 1151 175 1209 τητα
196 1127 311 1208 χροῖμα
335 1133 436 1210 μῆκος
459 1125 574 1204 πλάτος
594 1129 650 1190 καί
668 1125 785 1210 βάθος,
808 1125 863 1190 καί
881 1121 938 1191 llos
960 1130 1090 1192 τοιαῦτα
1114 1136 1197 1192 νοεῖν

92 1223 164 1309 ἔχει
180 1251 240 1307 τις,
263 1225 399 1308 ἔχοντος.
446 1223 537 1292 όκοί
555 1232 612 1292 τού
633 1231 790 1310 προτέρου
814 1235 920 1312 χεῖρον
944 1223 988 1300 εἷς
1012 1227 1155 1292 άτοπιάν.

42 1333 82 1388 10
200 1330 269 1392 Καί
282 1330 423 1407 πέμπτον
439 1321 567 1406 άτοπον,
593 1322 640 1393 ὅτι
662 1331 716 1392 καί
735 1333 877 1408 βεβαιοῖς
894 1325 953 1408 τήν
972 1323 1030 1412 σήν
1053 1327 1263 1408 άμαθίανιο
1334 1329 1339 1340 ’

90 1430 150 1490 καί
174 1429 345 1490 πολυθεΐπν
369 1428 422 1492 ύιά
446 1432 501 1511 τῆς
523 1425 602 1512 πρός
625 1426 679 1492 τόν
698 1433 800 1509 μέγαν
823 1423 1017 1492 Ἀθανόσιον
1033 1451 1198 1512 συκοφαν-

90 1533 184 1620 τίας..
223 1525 276 1590 έπί
296 1525 356 1611 γάρ
382 1525 414 1591 ἓν
437 1533 550 1604 ἐκεῖνος
572 1527 656 1610 ἔχειν
680 1531 760 1612 φησί
782 1525 839 1612 τήν
860 1528 1027 1612 άνσφοράν
1048 1527 1086 1592 τά
1110 1525 1195 1594 οὕτω

90 1625 196 1690 πολλά
217 1629 279 1692 τοῖν
304 1628 466 1708 ὀνομάτων
489 1633 626 1710 ἐκείνων,
650 1626 751 1693 εύτουν
767 1626 823 1712 τὴν
845 1621 977 1692 ούσιάν·
1021 1627 1060 1692 σύ
1085 1632 1112 1692 d’
1136 1631 1214 1692 ούκ.

87 1719 199 1816 ᾔσθου
223 1727 302 1792 κατὰ
338 1733 476 1794 σεαυτοῦ
510 1733 646 1812 κομίζων
675 1725 710 1792 ὃν
743 1724 822 1812 ύπὲρ
847 1732 986 1793 σεαυτοῦ
1008 1726 1194 1808 κεκόμικας·

42 1839 79 1892 15
94 1823 200 1903 οὕτως
237 1829 366 1911 άμαθης
394 1824 426 1892 εί
457 1832 510 1894 καί
536 1827 621 1910 μάλα
657 1830 810 1912 α’γροίκος.
865 1823 933 1894 εἶτα
953 1830 1009 1894 καί
1030 1820 1195 1910 ἄθροισμα

90 1931 178 2010 λέγει
200 1931 255 1992 καί
275 1932 433 2010 πλήρωμα
457 1929 605 2014 θεότητος
626 1935 727 1995 ταῦτα
751 1933 869 2010 ιιύτός,
892 1928 932 1992 ού
950 1928 1013 2011 μην
1037 1927 1195 2010 θεοτὴτων
1220 1918 1221 1924 ¹

88 2031 149 2111 τῆς
173 2029 283 2104 ούοίος
303 2027 469 2114 διαφόρων
490 2027 571 2094 κατά
595 2033 630 2095 σέ
648 2031 702 2094 καί
726 2024 883 2110 άλληλων.
927 2033 992 2102 πυός
1013 2026 1071 2111 γάρ
1093 2022 1127 2103 dg
1142 2026 1197 2091 ε’τιί

87 2133 124 2193 ἓν
146 2129 231 2194 αύτά
252 2129 309 2213 την
333 2133 502 2214 άναφορὶτν
524 2129 608 2212 ἔχειν
630 2137 719 2217 φησί,
750 2129 869 2216 δηλαδή
892 2130 949 2214 τὴν
969 2129 1092 2194 ου’σίαν.

183 2225 269 2296 Ἔστι
291 2232 369 2295 κάπί
389 2233 512 2306 τούτοις
532 2234 619 2296 ἕκτον
640 2225 773 2314 άτοπον,
807 2227 856 2296 ότι
878 2236 931 2297 καί
951 2227 1007 2295 τόν
1029 2234 1117 2294 θεῖον
1131 2251 1264 2304 oar-no

41 2337 498 2418 λθκοφπντεῖςΔαμασκηνόν,
521 2333 562 2409 ὥς
584 2337 750 2418 προϊοῦσιν
767 2333 842 2418 ἡμῖν
855 2331 1014 2417 εἰρήσεται
1035 2335 1090 2396 καί
1113 2332 1194 2394 αύτύ

86 2433 293 2518 πλατύτερον.
315 2437 524 2520 δειχθήσεται
536 2433 596 2521 γάρ
612 2434 646 2502 τὸ
656 2429 903 2521 Ιχιιρακιηρίζειν
917 2435 961 2522 τῷ
974 2437 1139 2520 διαφέρειν
1149 2429 1194 2515 μή

93 2754 176 2806 etiam
195 2749 347 2816 multarum,
366 2749 434 2804 illud
453 2750 622 2821 linquaque
651 2765 730 2804 ausus
756 2765 784 2803 es
805 2750 916 2814 disere,
943 2763 1002 2800 eum
1022 2753 1049 2800 et
1066 2745 1191 2801 substan.

91 2826 146 2876 tiss
166 2822 300 2875 essentiae
320 2830 347 2874 et
366 2823 520 2876 divinitates
541 2821 704 2876 substautias
725 2829 847 2890 expertas
868 2819 1017 2874 venereris.

195 2919 320 2984 Quartum
350 2935 407 2970 eum
439 2928 466 2972 et
490 2919 597 2972 homine
623 2927 650 2972 et
667 2919 757 2988 lapido
776 2917 905 2986 exemplis
934 2916 1018 2968 utaris
1037 2923 1193 2968 etcouten.

89 2993 158 3054 das,
188 2992 330 3042 essentiam
351 2991 540 3059 comprehendi
569 3007 626 3042 cum
646 2993 699 3057 iis,
723 2994 837 3060 quaein
866 3005 897 3041 ea
917 2995 1060 3041 cernantur
1077 2986 1192 3038 naturali

89 3061 182 3125 modo,
202 3061 385 3128 deprehensus
405 3079 434 3114 es
454 3077 534 3130 porro
555 3063 666 3114 eredens
685 3063 861 3114 accidentium
883 3075 990 3128 quoque
1012 3057 1191 3125 comprohen-

89 3135 194 3186 sionem
214 3148 275 3185 esao
293 3133 367 3186 illum
386 3135 527 3186 essentiam
547 3135 673 3199 diuinam,
695 3134 770 3187 uelut
789 3132 921 3200 inlapide
939 3147 954 3182 a
973 3138 1000 3180 te
1019 3131 1126 3192 iactato,
1146 3129 1191 3196 qui

89 3205 262 3274 grauitatem,
283 3205 377 3274 frigus,
398 3205 527 3270 colorem,
547 3205 757 3275 longitudinem,
777 3203 943 3257 latitudinem
970 3199 1190 3268 altitudinemque

89 3285 117 3328 et
138 3291 315 3344 quaecuuque
344 3277 472 3328 eiusmodi
497 3279 610 3347 cogitari
636 3285 762 3346 possunt,
790 3277 931 3340 eontinet,
958 3273 987 3330 id
1015 3271 1085 3342 quod
1112 3272 1189 3323 etiam

89 3349 170 3416 peius
190 3355 231 3400 est
249 3346 362 3400 stultitia
380 3349 479 3415 priore.
694 3341 697 3352 '

189 3435 224 3487 lit
243 3437 362 3503 quintum
392 3436 499 3488 stultum
528 3437 614 3502 illud,
640 3438 711 3506 quod
738 3437 815 3488 etiam
844 3437 984 3488 confirmas
1011 3431 1188 3501 ignorantiam

90 3515 163 3558 suam
185 3515 212 3558 et
231 3507 373 3558 multorum
393 3507 539 3560 doctrinam
566 3510 675 3560 deorum
701 3508 877 3575 perversione
901 3508 1031 3558 dictorum
1050 3501 1189 3556 Athanasii

91 3578 192 3646 magni.
229 3579 262 3629 ad
281 3593 360 3630 uuum
380 3581 449 3630 enim
475 3579 523 3632 illo
543 3581 608 3632 dicit
624 3579 726 3644 relorri⁵
748 3578 795 3630 illa
813 3586 852 3630 tot
873 3580 991 3640 uomina,
1012 3576 1135 3626 nimirum
1157 3571 1189 3623 ad

90 3649 247 3701 essentiam.
286 3657 313 3701 tu
334 3659 421 3702 autem
441 3652 592 3717 imprudens
613 3659 705 3702 contra
723 3658 749 3701 te
774 3649 886 3700 attulisti
908 3663 985 3716 quem
1006 3659 1054 3712 pro
1074 3652 1101 3694 ta
1119 3641 1190 3694 alla.

89 3729 164 3774 turos
187 3735 255 3772 oras.
292 3729 344 3772 tam
366 3723 438 3774 rudis
469 3738 498 3772 es
519 3730 546 3774 et
565 3720 643 3774 valdo
669 3720 794 3772 incultus.
838 3719 934 3772 deiude
963 3725 990 3769 et
1008 3715 1144 3794 materiom
1165 3720 1192 3764 et

65 3792 273 3859 ‘expletionem
298 3791 446 3844 divinitatis
473 3793 540 3846 haee
564 3794 622 3860 ipse
653 3793 789 3858 nominat,
813 3805 867 3842 noa
896 3797 984 3841 tomen
1012 3787 1190 3847 divinitatum,

87 3879 156 3932 quaa
175 3861 208 3914 ab'
221 3864 357 3929 essentia,
375 3872 404 3915 ut
422 3872 451 3916 tu
470 3865 522 3928 uis,
544 3873 571 3916 et
589 3866 659 3916 inter
678 3879 708 3915 sa
726 3864 857 3926 dillorant,
878 3859 1009 3930 quomodo
1037 3858 1107 3910 onim
1127 3855 1191 3909 talia

86 3935 178 3986 dicere
199 3936 294 4001 possit,
313 3937 359 4002 qui
376 3935 409 3986 ad
428 3951 507 3986 unum
526 3935 574 3987 illa
593 3935 689 3987 referri
708 3935 783 4000 dicit,
802 3935 924 3985 nimirum
943 3932 975 3984 ad
996 3931 1147 3983 essentium.

197 4029 245 4081 Est
264 4037 351 4080 autom
370 4037 511 4097 praeterea
530 4038 633 4083 sertum
654 4030 762 4083 stultum
782 4027 864 4093 illud,
892 4019 962 4096 quod
987 4026 1105 4078 divinum
1124 4038 1194 4092 quo.

105 4115 158 4169 quo
188 4101 337 4153 criminaris
356 4100 559 4168 liamaseenum,
587 4105 657 4170 quod
683 4109 709 4153 et
738 4103 823 4169 ipsum
842 4099 947 4167 planius
966 4096 1076 4150 anobis
1105 4102 1198 4162 postea
1246 4117 1248 4126 =

100 4173 220 4225 dicetur.
265 4172 487 4228 demonstrabitur
508 4175 592 4242 onim,
617 4173 768 4242 significuus
788 4180 814 4223 et
841 4171 948 4226 differre
966 4181 1100 4222 sonasse
1120 4166 1198 4227 idem,
