2874 4784
252 285 329 370 tet
562 295 785 367 munuum
816 243 1044 400 οεεεοαιε

253 460 289 528 τό
311 461 393 528 πόνα
415 483 446 526 τι
466 460 642 546 κράτιστον,
662 455 706 536 σός
726 459 760 526 ἐν
779 465 848 537 ταῖς
863 459 988 544 ,ἀρχαῖς
1006 461 1069 526 τόὶν
1088 455 1255 544 ἡμετέρων
1273 461 1359 524 τεάν-

256 566 291 628 ἀε
312 563 412 650 λόγων
433 559 510 646 ἡμῖν
537 560 578 628 τὰ
607 562 682 648 περὶ
709 560 806 626 αὐτοῦ
833 562 1025 648 πλατύτερον
1051 558 1194 648 εἴρηται,
1229 561 1362 626 πόντων

254 665 395 750 μάλιστα
427 668 572 730 πλεῖστον
605 660 843 750 ἀντεισενεγκολν
872 660 952 750 όπὲρ
986 662 1147 746 εὐσεβείας
1173 661 1230 728 τόν
1251 665 1363 747 ζῆλον,

253 764 309 830 καί
341 765 527 848 ἀπιστήσας
559 774 626 843 τοῖς
647 766 716 832 τότε
748 763 830 832 κατόι
856 767 919 830 τῶν
940 767 1039 830 θείων
1071 763 1200 830 εἰκόνων
1223 771 1364 846 μανεῖσι

142 889 148 898 “
253 865 431 952 τυράννοις,
455 863 511 952 ἀφ’
535 858 579 932 ἀιν
600 866 655 932 καί
674 865 710 933 τό
733 868 905 956 πρόσωπον
924 867 1107 952 γέγραπταί
1115 889 1148 930 τε
1169 866 1227 930 καί
1249 865 1387 930 ἔστιν-5

253 991 308 1032 ται
337 965 393 1032 καί
412 990 468 1050 την
489 969 673 1052 ἐπωνυμίαν
686 969 717 1032 Γ
718 973 836 1054 ραπτὸς
859 969 981 1032 ἐκεῖθεν
996 967 1125 1052 κληθείς
1144 967 1363 1052 ἀπηνέγκατο,

208 1061 213 1064 ’
253 1067 419 1142 πλείσταις
439 1069 498 1150 μὲν
518 1069 573 1134 καί
595 1065 706 1160 ἀλλαιρ
727 1067 829 1154 ἱεραῖς
857 1067 955 1132 αὐτοῦ
974 1069 1098 1150 βιβλοις
1118 1065 1178 1152 τὴν
1193 1069 1253 1130 τοῦ
1279 1067 1365 1132 θεοῦ

254 1165 421 1251 ἐκκλησίαν
440 1168 633 1252 κεκόσμηκε,
663 1169 802 1252 μάλιστα
824 1169 852 1232 i’
876 1159 927 1242 αἷς
945 1166 1025 1230 κατὰ
1050 1170 1112 1232 τῶν
1135 1167 1363 1250 είκανομάχων

253 1266 395 1346 ἐξέθετο,
422 1275 488 1344 τοῖς
509 1269 755 1355 συγγράμμασιν
782 1266 979 1352 ἐντυγχάνων
1001 1269 1057 1331 τοῦ
1085 1268 1151 1334 τότε
1178 1265 1220 1332 τό
1241 1271 1362 1354 πρῶτα

254 1369 405 1457 φέροντος
434 1369 469 1434 όν
496 1371 601 1454 λόγοις
631 1369 766 1452 ἀσεβοῦς
792 1367 964 1450 Εόσεβίου·
1020 1370 1054 1434 ἐν
1082 1361 1132 1445 αἷς
1153 1369 1194 1434 τό
1212 1392 1248 1432 τε
1272 1365 1361 1434 ἄλλα
1372 1381 1399 1434 tt

187 1468 309 1542 nnat*
321 1470 399 1536 τόδε
414 1472 554 1549 ἀιίξεισι.
595 1471 882 1552 κατακομψεόεται,
905 1470 1014 1556 φησίν,
1036 1468 1190 1552 Εὐσέβιος
1210 1470 1269 1534 ἐπί
1288 1471 1362 1556 φῶς

132 1579 244 1640 ima.
255 1566 392 1656 ἄρρητον
413 1570 469 1636 καί
491 1569 712 1656 ἀνεκόιήγητον
732 1570 788 1634 καί
807 1571 853 1656 τῷ
872 1571 941 1655 θεῷ
973 1569 1053 1656 λόγῳ
1077 1569 1198 1654 πρέπον
1219 1567 1280 1654 τὴν
1304 1573 1363 1636 τοῦ

254 1672 368 1738 όοόλου
390 1673 652 1756 μεταβεβλῆσθαι
668 1668 797 1756 μορφὴν
816 1672 850 1736 ἐν
863 1671 908 1758 τηῖ
929 1667 1010 1756 όρει,
1033 1672 1102 1760 φῶς
1121 1667 1200 1754 όπερ
1222 1669 1360 1756 ὀφθαλ-

159 1784 164 1792 “
251 1771 313 1860 μός
336 1771 391 1838 οόκ
415 1765 479 1836 εἶδε
500 1769 556 1836 καί
574 1765 629 1847 οός
650 1770 706 1836 οόκ
726 1767 844 1855 ἤκουσε
864 1771 920 1836 καί
942 1771 997 1836 ἐπὶ
1015 1772 1152 1858 καρδίαν
1174 1771 1359 1857 ἀνθρώπου

179 1943 181 1953 ,
253 1857 309 1942 οόκ
332 1875 438 1960 ἀνέβη.
491 1873 546 1938 καί
576 1871 675 1956 ἀμόν
705 1871 863 1954 Εόσεβίου
893 1872 984 1957 λόγος
1015 1873 1154 1950 τοιοῦτας
1176 1871 1233 1937 καὶ
1253 1869 1395 1948 οὕτωςία

252 1975 356 2057 ἔχων,
389 1973 445 2040 καὶ
476 1971 512 2039 τό
548 1977 612 2040 πᾶν
634 1973 721 2060 αὐτῷ
744 1975 883 2038 ἐνταῦθα
919 1975 975 2056 τῆς
997 1973 1146 2057 ἀσεβείας
1166 1971 1357 2058 ἔξὴρτηται·

252 2074 327 2142 όποι
347 2077 375 2142 δ’
398 2073 484 2160 αότηῖ
519 2073 612 2160 φέρει
628 2067 684 2138 ’τά
705 2077 761 2157 τῆς
789 2075 899 2157 καινῆς
927 2075 1041 2158 ταύτης
1063 2075 1280 2148 όιόασκαλιάς
1301 2072 1358 2138 καί

250 2178 306 2241 τοῦ
323 2176 488 2260 δόγματος,
504 2171 548 2249 τός
567 2173 621 2240 ivl
632 2172 784 2256 μάλιστα,
806 2173 1044 2259 συντομοότερον
1062 2172 1275 2256 σκεψόμεθα,
1299 2176 1358 2238 κατ’

252 2274 361 2354 όπαῖος
385 2273 424 2359 δὴ
445 2275 501 2340 καί
521 2272 606 2352 όοτις
639 2271 656 2339 ό
678 2279 734 2360 τῆς
754 2278 930 2358 μεταβολῆς
961 2276 1088 2360 τρόπος,
1109 2273 1359 2355 ἐπισκέψασθαι

252 2375 493 2462 πειρασόμεθα.
536 2378 600 2440 πᾶν
620 2375 654 2440 τό
677 2374 953 2458 μεταβαλλόμενον
982 2371 1003 2460 ἢ
1028 2381 1095 2440 κατ’
1120 2373 1234 2440 οόσίαν
1252 2397 1394 2457 μετα-γη

251 2476 413 2560 βάλλεται,
436 2472 455 2540 ό
477 2475 516 2560 δὴ
536 2477 612 2562 περί
629 2479 751 2562 γένεσιν
778 2475 834 2540 καί
861 2475 990 2563 φθορόν
1022 2481 1205 2562 θεωρεῖται,
1229 2469 1250 2558 ἢ
1272 2477 1358 2540 κατό

250 2577 362 2642 τιτῶν
381 2577 414 2640 ἐν
434 2575 533 2662 αὐτῷ,
553 2577 609 2644 καί
629 2579 719 2642 τοότο
740 2578 854 2658 διχῶς·
903 2573 923 2660 ἢ
944 2575 1006 2664 γάρ
1028 2574 1108 2642 κατὰ
1129 2573 1229 2640 ποσόν
1251 2599 1354 2655 μετα-

251 2677 421 2761 βόλλεται,
441 2676 525 2742 καθό
553 2675 574 2762 ἡ
597 2673 730 2764 αὔξησις
751 2680 806 2744 καί
836 2675 1011 2766 ἦμείωσις
1034 2681 1203 2755 όειλινυται,
1227 2673 1249 2762 ἢ
1270 2675 1355 2742 κατό

251 2929 290 2984 eit
309 2928 497 2983 certaminibua
514 2929 629 2984 ttudium
648 2931 773 2998 ostendit,
791 2939 821 2985 ut
838 2933 866 2984 iu
886 2931 1025 3000 principiis
1042 2929 1136 2984 hurum
1154 2929 1286 2988 librorum
1308 2931 1353 2984 iu.

251 3002 307 3056 tiut
328 3001 363 3055 da
381 3016 414 3054 eu
432 3001 510 3054 nubit
529 3001 627 3055 dietum
649 3010 704 3068 eat,
729 3006 844 3056 umuium
869 3003 1026 3056 acerrimum
1055 3009 1165 3070 propter
1189 3001 1354 3071 religionen

250 3074 364 3126 animum
385 3073 507 3126 exhihuit
526 3081 553 3125 et
568 3073 689 3140 tyranni·
709 3073 759 3126 ilio
776 3083 897 3142 tempure
916 3074 949 3126 de
968 3075 1052 3128 eterit
1072 3073 1234 3144 imaginibus
1255 3073 1352 3127 turea.

248 3145 321 3198 tibut
340 3146 475 3212 opponit,
492 3161 507 3197 u
527 3145 623 3214 quibua
641 3145 725 3197 faciet
745 3148 803 3198 uiue
820 3147 953 3214 deacriptu
974 3154 1015 3197 eat
1033 3153 1061 3196 et
1078 3147 1193 3213 depicta,
1212 3147 1285 3198 uude
1302 3147 1353 3198 de.

249 3217 342 3283 teripti
367 3231 464 3268 numen
492 3215 570 3280 tulit;
598 3231 677 3284 quum
702 3216 823 3284 plurimia
842 3217 902 3268 aliia
929 3217 1005 3269 libuit
1032 3217 1075 3268 dei
1101 3216 1243 3268 eccieaiam
1269 3232 1352 3270 ειοτ.

248 3289 334 3351 uuit,
355 3295 408 3338 tum
432 3290 471 3338 eia
489 3288 618 3350 maxime,
638 3303 705 3355 quoe
724 3290 757 3340 de
775 3287 955 3340 iconomachis
981 3289 1077 3352 edidit;
1101 3289 1129 3340 iu
1148 3287 1290 3340 historiam
1309 3291 1352 3340 ia.

250 3358 342 3410 uident
363 3357 437 3410 iliiua
464 3359 537 3425 impii
563 3358 688 3424 Euauhii,
714 3361 759 3428 qui
784 3361 812 3411 iu
841 3360 890 3411 hae
925 3375 955 3412 re
979 3361 1091 3426 primum
1109 3359 1225 3412 obtinuit
1250 3359 1351 3423 iocum,

142 3473 149 3507 η
250 3435 358 3498 praeter
377 3427 432 3480 alia
451 3428 518 3482 haee
538 3430 659 3484 dieteritt
684 3433 753 3499 quud
779 3430 866 3482 lucem
885 3430 1018 3483 ieiunium
1039 3439 1066 3482 et
1085 3429 1306 3498 iueuplieabilem
1327 3439 1353 3482 et

250 3501 301 3554 deu
323 3499 406 3554 verbu
435 3501 567 3552 dicentem
595 3502 691 3554 attinet
708 3501 844 3556 illudendo
869 3503 973 3570 pruiert
993 3503 1126 3556 Eusebiae
1144 3503 1219 3554 nurui
1241 3501 1351 3555 formam

250 3580 422 3641 permututem
451 3587 511 3625 αιια
530 3573 685 3637 iumento,
716 3572 802 3626 lucem
827 3589 904 3642 quum
928 3574 1018 3628 uuiiut
1046 3574 1141 3628 ueuiut
1165 3575 1249 3640 uidit,
1276 3575 1353 3627 nulia

250 3645 323 3698 auria
341 3645 464 3712 percepit
484 3652 511 3696 et
531 3659 599 3712 quae
617 3645 645 3696 iu
662 3643 764 3698 uuiiiua
784 3645 898 3698 hominia
917 3654 1010 3713 peetua
1029 3647 1113 3700 veuit
1151 3646 1218 3698 huee
1241 3646 1352 3700 Euaebii

251 3715 353 3781 uerba,
372 3717 468 3784 quibua
489 3723 570 3768 tutam
589 3715 711 3768 haereaiu
732 3719 889 3786 eumpuauit.
927 3733 979 3785 que
997 3732 1063 3770 veru
1082 3717 1124 3769 iiii
1142 3717 1212 3770 haee
1230 3719 1352 3770 doctriua

251 3793 279 3837 et
296 3786 391 3855 dogma
409 3787 508 3850 flectat,
528 3802 604 3856 quum
623 3789 736 3841 maxime
755 3789 848 3856 paueia
868 3789 1005 3842 videmnus
1026 3797 1053 3840 et
1070 3804 1139 3858 quue
1156 3787 1301 3858 qualiaque
1317 3791 1353 3844 tit

252 3859 455 3924 permutationis
473 3860 542 3910 ratio
561 3859 710 3928 disquirere
729 3875 864 3912 conemur.
912 3865 989 3912 emite
1016 3861 1087 3930 quud
1113 3869 1281 3928 permutatur
1308 3869 1352 3914 aut

251 3929 431 3984 maentiuiiter
450 3937 622 3996 permutatur,
642 3931 668 3984 id
683 3932 757 4008 ¹qumi
774 3941 878 3999 upeetet
895 3933 927 3984 ad
948 3940 1033 3984 uatum
1053 3941 1082 3984 et
1093 3947 1215 3984 ueeutum
1227 3941 1275 3984 aut
1287 3948 1351 4000 per.

248 3998 410 4064 tiuuiuriter,
430 4015 499 4069 quue
519 4003 587 4054 ratio
607 4001 706 4070 duplex
724 4011 777 4056 eet:
797 4011 844 4056 aut
864 4003 976 4055 euimad
990 4003 1162 4072 quamtitatem
1176 4012 1350 4070 permutatur,

248 4077 279 4124 ut
297 4073 387 4122 auutiu
409 4081 436 4124 et
454 4072 599 4126 deminutio
621 4083 667 4125 uut
686 4075 717 4126 ud
737 4075 901 4144 qualitatem,
921 4091 954 4126 ex
973 4091 1023 4144 qua
1042 4077 1349 4144 cenaequiturvariatiu.

248 4141 1349 4284 emfflwmwfflfflwm

419 4231 436 4268 u
576 4231 687 4272 rucene
733 4233 820 4272 tetum
839 4233 872 4270 eu
903 4235 931 4272 ta
958 4233 989 4272 το
1007 4235 1066 4275 εει
1144 4233 1170 4272 m
1240 4233 1266 4275 ο·
