2862 4784
151 133 198 218 Ι
704 199 706 203 Α

237 299 460 367 moronus
487 297 747 366 nrmuuusu
765 300 862 366 xxv.
883 279 921 364 6.
947 281 985 364 d.
1111 287 1159 362 νο

59 459 141 544 πρός
177 460 340 544 ἰδιωτικὴν
368 463 513 548 ἀφωνίαν
532 459 563 539 ἐξ
585 419 729 542 δμαδιλός
761 461 887 544 μακρός
906 453 1162 538 συστελλόμενον,

59 561 144 626 α’λλέι
171 569 358 643 πρακτικαῖς
380 559 496 646 όρμαῖς
521 554 713 638 terdecies
736 563 918 641 τιέμμελδς
949 558 1079 645 εόφυοός
1097 581 1164 634 πως
1256 571 1260 584 “

57 662 368 746 α’νιτρρωννόμινον.·
380 663 418 729 τό
432 671 460 729 τ’
479 657 535 727 οόν
549 658 630 728 ἄλλα
642 659 776 743 τόνδρός
790 661 955 740 ἐθαύμαζε
967 662 1164 744 μεμνημένος

57 763 197 843 ἐκείνου,
219 768 274 828 καί
294 758 340 829 ότι
357 764 393 830 τό
417 763 542 830 οἴεσθαι
559 766 677 830 εἰδέναι
697 767 822 836 πολλοῖς
839 764 894 825 καί
913 763 974 844 τεόν
996 761 1088 824 edors
1111 761 1165 825 σί-

32 865 205 950 5σχόντων
225 864 304 947 πρός
317 889 352 946 γε
366 864 401 928 τό
426 865 542 930 είδέναι
565 867 711 946 γίνεσθαι
730 860 875 942 έμπσδοόν
896 856 992 942 ἔλεγε,
1015 864 1069 924 καί
1079 864 1160 925 τοῦτ’

57 962 145 1028 εἶναι
167 964 293 1040 πάντως
320 960 336 1028 ό
364 965 480 1046 μικρόν
504 958 587 1030 εἶναι
616 967 729 1027 δοκοῦν
750 961 873 1045 μεγάλα
901 965 956 1026 καί
981 959 1087 1036 πόλεις
1109 964 1164 1024 καί

58 1062 169 1138 οἴκους
191 1062 326 1129 δόναται
340 1065 507 1145 βλάπτειν,
536 1062 579 1138 τός
607 1067 641 1127 έκ
660 1066 798 1146 βραχέος
819 1065 996 1146 σπινθῆρος
1018 1058 1164 1146 σόρχόμε-

58 1189 136 1246 νον,
160 1157 202 1228 dd
223 1162 260 1228 τό
282 1164 451 1246 νεμόμενον
473 1166 530 1228 σόν
560 1159 599 1228 όν
622 1187 694 1228 ποτε
724 1167 818 1246 οταιή
854 1165 908 1244 τῆς
938 1159 990 1226 clar*
1018 1185 1167 1246 νεωτερι-

58 1264 181 1349 ζοόσης
205 1264 323 1350 φλογός
343 1269 546 1350 κινουμένης,
577 1262 669 1330 ὁπότε
693 1266 851 1348 τραπέζης
873 1261 1037 1348 ῥαστώνην
1068 1261 1087 1344 ἦ
1110 1266 1165 1346 τῆς

15 1381 48 1436 10
59 1361 141 1449 όλης
164 1367 278 1430 δίδωσι
299 1371 496 1431 πολυτέλεια.
538 1369 685 1432 ἐντεῦθεν
710 1362 783 1448 όρια
810 1363 998 1452 ῥιπτοῦνται
1022 1365 1166 1446 πατρίων

57 1467 213 1544 κανόνων,
238 1469 409 1532 πατοῦνται
424 1465 550 1548 δεσμοί,
578 1471 632 1531 καί
662 1467 720 1530 osis
743 1464 827 1530 ἔστιν
852 1467 945 1528 ου’δὲν
977 1461 1040 1529 τεόν
1059 1469 1166 1530 καλιόυ

59 1561 79 1627 ό
99 1564 242 1630 δυ’ναται
262 1572 368 1648 μένειν
389 1562 510 1646 ἓσταός,
535 1567 589 1633 καί
610 1561 652 1632 orl
677 1567 734 1632 ουίι
755 1565 839 1632 ἔστιν
859 1565 954 1630 ου’δὲυ
975 1568 1040 1629 τιόν
1061 1567 1165 1630 κακσόν

59 1664 77 1730 ό
100 1666 150 1750 μη
177 1665 312 1732 δόναται
336 1666 393 1753 τήν
417 1668 571 1754 α’λήδειαν
588 1671 803 1758 ἐξορχεῖσθαι.
845 1671 1006 1750 μοναρχία
1028 1670 1089 1749 μέν
1110 1658 1167 1730 σόν

60 1766 201 1851 σίησεως
224 1768 395 1858 αότονομίρ
419 1775 673 1854 στρατηγουμένη
699 1772 754 1832 καί
773 1768 897 1853 γνιόμης
920 1771 1041 1849 ὀρέξεσι
1063 1770 1169 1850 δημσ·

17 1873 251 1954 λόγωγουμένη
276 1869 310 1933 τί
326 1873 386 1950 μὲν
410 1866 447 1932 όν
480 1877 542 1936 τιόν
569 1869 775 1954 ὑγιαινόντων
804 1867 995 1952 ε’ργόσαιτο,
1029 1853 1109 1939 τίνος
1139 1868 1168 1929 δ’

59 1971 236 2052 α’πόιτχοιτ’
269 1965 308 2035 όν
336 1974 399 2036 τιόν
422 1973 629 2057 έρεθιζόντων
659 1971 712 2036 dne*
732 1971 771 2034 τό
793 1973 910 2054 χείρω;
942 1970 1060 2034 πολλοῦ
1078 1969 1168 2048 μέντ’

60 2064 102 2134 riv
131 2068 258 2153 δεήσειε
278 2067 439 2150 σώζεσθαι
461 2070 519 2157 τήν
537 2079 698 2136 πολιτείαν
728 2073 857 2156 ἐκείνην,
878 2071 934 2134 καί
952 2067 997 2154 μὴ
1020 2065 1168 2148 καθάπερ

57 2173 277 2254 ἀκυβέρνητον
308 2177 415 2236 πλσῑσν
438 2175 631 2248 διαποντίοις
652 2177 790 2255 χειμῶσι
824 2170 899 2254 πρός
920 2169 993 2248 τσός
1015 2169 1170 2256 έσχότσυς

59 2267 235 2346 κινδόνσυς
254 2268 465 2365 έλαόνεσθαι,
487 2277 580 2336 τοῦτο
594 2273 632 2357 δὴ
654 2273 690 2337 τό
712 2278 766 2356 τῆς
780 2276 964 2351 Βυζαντίων
984 2271 1066 2338 ἴδιον
1088 2265 1172 2337 όυω-

13 2370 183 2448 λθθενοός
203 2370 242 2436 τό
264 2371 363 2436 πολλοὶ
387 2375 559 2448 πολιτείας.
603 2379 659 2476 proi
675 2375 732 2436 ουίι
754 2375 898 2453 ὀνειδίζω
913 2376 1011 2456 λέγων
1034 2370 1091 2449 τὰς
1111 2371 1171 2437 τό·
1211 2397 1216 2412 ·

60 2497 131 2556 χας
155 2472 274 2554 ἁπλοῖς,
297 2471 365 2536 ἀλλ’
387 2469 435 2537 ότι
459 2473 512 2537 διδ
536 2477 628 2540 τοῦτο
651 2477 705 2539 καί
725 2478 851 2550 πλείους
874 2477 1063 2551 σκοποῦντες
1085 2467 1172 2540 όνοι-

61 2761 151 2816 valde
171 2759 349 2813 admirabatur
374 2760 408 2812 ob
426 2761 555 2814 naturalis
563 2763 720 2830 prudentiae
739 2763 843 2830 copiam
862 2777 921 2815 cum
940 2763 1073 2831 gravitate
1091 2769 1171 2832 atque

62 2833 223 2888 constantia
248 2833 435 2896 coniunctam,
462 2841 491 2885 ut
515 2848 569 2885 non
596 2833 677 2885 facile
702 2834 734 2887 ad
758 2834 972 2901 intempestivam
1001 2829 1172 2887 ambitionem

63 2902 285 2972 compelleretur
303 2919 392 2972 neqne
410 2919 476 2956 vcro
496 2905 528 2956 ad
547 2905 638 2956 rudem
658 2905 787 2973 quandam
807 2913 886 2974 atque
906 2904 1033 2958 incultam
1057 2909 1171 2959 tacitur..
1214 2909 1221 2926 “

59 2981 181 3032 nitatem
200 2983 310 3042 propter
329 2991 449 3044 magnam
470 2977 602 3028 inscitiam
622 2977 811 3040 demiteretnr,
831 2977 878 3028 sed
895 2992 983 3029 rerum
1010 2993 1060 3028 usu
1078 2979 1170 3032 firma.

60 3059 108 3102 tus
131 3048 348 3098 convenientiam
368 3047 495 3114 quandam
521 3048 657 3099 admodum
682 3049 805 3100 decoram
832 3063 895 3115 prao
923 3064 952 3100 se
977 3049 1068 3100 lerret.
1115 3065 1174 3101 ma.

62 3124 144 3174 xime
164 3131 244 3181 vero,
263 3133 342 3186 quum
363 3118 441 3170 huius
461 3119 512 3170 viri
531 3119 692 3170 mentionem
713 3121 824 3183 laceret,
845 3119 897 3170 boc
915 3120 1013 3171 dictum
1041 3121 1099 3171 eius
1124 3121 1173 3172 ad.

61 3188 233 3244 mirabaturr
252 3188 342 3240 multis
361 3189 511 3242 bominibus
531 3191 618 3258 iisque
637 3190 738 3258 alioqui
757 3206 811 3244 non
837 3190 1175 3259 imprudentissimis,quod

62 3280 95 3316 se
119 3263 193 3313 scire
216 3259 418 3323 arbitrarentur,
439 3261 578 3327 idipsum,
600 3264 739 3328 quominus
758 3264 868 3325 scirent,
890 3263 1078 3329 impedimento
1098 3277 1174 3328 esse;

61 3337 125 3388 boc
144 3331 251 3401 quidem
272 3329 334 3382 leve
353 3331 450 3396 videri,
470 3340 584 3383 attamen
604 3349 697 3401 magun
717 3334 883 3386 incommoda
903 3343 930 3385 et
948 3333 1056 3386 urbibus
1077 3341 1104 3386 ct
1122 3334 1173 3386 do.

61 3405 158 3458 mibua
179 3403 316 3454 lacessere
335 3417 414 3468 posse
434 3402 519 3454 veluti
540 3404 732 3456 et.scintillnla
753 3414 883 3469 exortum,
903 3420 971 3473 quae
990 3405 1173 3460 incenditur.

62 3492 125 3547 quc
145 3472 323 3526 insolentium
344 3475 505 3526 exsuscitato
524 3488 577 3525 non
597 3475 734 3527 desineret
751 3478 839 3528 omnia
858 3477 1013 3543 depascere,
1033 3475 1111 3532 simul
1131 3484 1174 3527 et-

62 3563 125 3618 que
144 3545 274 3598 materiae
303 3544 377 3612 larga
401 3545 478 3612 copia
506 3544 586 3596 iacile
614 3548 800 3598 nutrimentum
827 3547 1047 3599 subministraret.
1086 3547 1174 3611 „inde‚

64 3619 172 3686 inquit,
191 3615 303 3683 regulae
322 3623 402 3682 atque
420 3631 529 3667 nor-mne
548 3631 564 3666 a
582 3617 700 3683 patribus
720 3621 880 3670 constitutae
899 3617 1077 3679 disuniuntur,
1097 3615 1175 3685 leges

65 3687 269 3760 proculcantur
291 3686 414 3754 nihilque
434 3695 476 3740 est
494 3687 557 3738 boni
576 3695 655 3754 atque
675 3688 800 3752 bonesti,
820 3687 890 3755 quod
909 3701 957 3740 suo
978 3695 1047 3738 statu
1066 3701 1175 3739 manere

65 3761 179 3832 possit,
198 3757 267 3810 nibil
292 3757 354 3808 mali
380 3767 460 3826 atque
486 3757 599 3824 improbi
627 3759 697 3828 quod
725 3759 866 3810 veritatem
894 3757 1024 3810 insultare
1048 3767 1174 3828 nequeat.

65 3845 190 3900 reguum
211 3831 293 3896 igitur
313 3830 448 3895 opinionis
468 3830 577 3882 licentia
596 3829 771 3898 gubernatum
792 3827 1094 3882 etarbitriilibidinibus
1113 3833 1175 3901 agi-

66 3912 158 3956 tatum
178 3931 215 3944 -
232 3902 294 3968 quid
316 3900 386 3968 frugi
406 3899 509 3952 faciet?
528 3907 627 3967 qun're
646 3899 800 3964 abstinebit,
820 3915 888 3968 quae
906 3902 938 3952 ad
957 3902 1048 3968 peiora
1063 3903 1176 3954 incitare

67 3970 185 4044 possit?
205 3978 307 4023 tantum
326 3969 411 4037 abest,
434 3980 463 4023 ut
479 3971 541 4022 talis
561 3973 656 4024 civitas
676 3971 752 4024 salva
771 3979 851 4041 utque
869 3971 1010 4023 incolumis
1031 3988 1091 4024 esse
1109 3987 1176 4040 pos.

71 4047 121 4110 sit,
138 4051 169 4094 ut
187 4041 276 4094 veluti
295 4042 372 4094 navis
391 4045 450 4095 siue
472 4042 652 4110 gubernatore
672 4044 751 4094 mnria
779 4043 980 4110 tempestatibus
1006 4043 1032 4094 in
1058 4052 1177 4096 extrema

74 4115 237 4168 discrimina
259 4113 463 4181 prrccipitetur.
484 4113 550 4165 baec
569 4129 635 4166 vcro
655 4115 764 4182 propria
783 4123 824 4166 est
843 4115 960 4166 conditio
985 4113 1102 4166 civitatis
1120 4111 1177 4180 By-

74 4185 208 4242 urtinse
228 4185 290 4238 inde
309 4198 394 4252 usque
421 4201 454 4238 ex
479 4185 662 4252 superioribus
688 4185 860 4252 temporibus.
902 4201 990 4255 nequo
1017 4201 1083 4238 vero
1109 4185 1178 4238 banc
