2874 4784
271 281 347 363 tto
571 299 795 370 uruuruom
822 243 1051 372 ouuoomu
1100 227 1106 254 ⁴

273 460 410 546 ποίησιν.
452 465 558 550 εἰμὲν
579 459 635 532 σόν
653 471 709 552 τῆς
731 465 842 543 οόσίας
863 468 948 553 λέγοι
967 471 1023 553 τῆς
1045 467 1146 547 θείας,
1167 469 1353 550 Μανιχαιιιν

206 559 451 647 ”rhodoque
475 565 587 646 δείξων
618 568 748 656 όλόγος
766 569 910 658 ἔρχεται·
962 569 1019 635 καί
1037 573 1072 636 τί
1097 566 1135 634 ἀν
1158 570 1354 655 ἀσεβέστερον

250 659 322 747 ,εἴη
342 667 400 728 τοῦ
419 669 632 750 μετουσίουσιν
658 673 800 757 λέγοντος
822 671 878 756 τὴν
900 672 954 735 ἐπί
978 674 1035 736 τοῦ
1063 671 1239 756 Θαβωριόυ
1270 666 1355 754 ὅρους

270 765 523 852 μοταμόρφοοσιν
542 771 600 836 τοῦ
621 775 773 857 Χριστοῦ,
795 773 851 837 καὶ
872 774 962 836 δυοῖν
982 773 1045 836 τῶν
1068 771 1279 855 ἀτοποοτότιον
1301 771 1356 835 θό-

270 887 362 950 τερον
385 869 509 946 πόντος
530 871 717 957 εἰσάγοντος,
738 869 759 956 ἢ
779 876 835 956 τῆς
848 873 940 948 θειάς
963 871 1074 948 οάσίας
1093 871 1128 936 τό
1153 871 1375 938 ἀναλλοίωτον5

272 962 395 1051 deinde}
416 973 649 1056 καθαιροῦντος
671 974 716 1048 εἰς
736 971 770 1038 τό
792 970 970 1059 ἀφειμένον
986 972 1042 1037 καί
1065 971 1223 1058 διάφορον
1241 971 1357 1055 ταύτης,

207 1093 213 1132 ·.
250 1061 292 1148 ἢ
314 1067 512 1152 διαιροῦντος
539 1073 571 1149 ἐξ
610 1072 757 1155 ἀμαθοῦς
781 1074 838 1140 καί
860 1072 1057 1158 κακοτρόπου
1088 1073 1214 1158 γνιόμης
1243 1073 1289 1147 εἰς
1310 1071 1357 1134 elo

270 1165 428 1249 θεοτήτων
454 1168 607 1237 ἀνιόντων
629 1173 868 1259 όιχοτομὴματα
889 1171 945 1259 τὴν
965 1174 1065 1258 μόνην
1087 1170 1233 1248 ἀντιστόν
1257 1195 1291 1236 τε
1310 1171 1358 1236 καί

271 1262 376 1352 ἀμερῆ
396 1269 452 1333 καί
473 1267 585 1356 ἀπλῆν,
608 1274 664 1338 καί
683 1273 740 1357 τὴν
759 1277 818 1357 μὲν
832 1275 973 1359 λέγοντος
993 1271 1112 1360 ὁρατόν
1133 1272 1189 1358 τὴν
1211 1276 1241 1338 δ’
1266 1271 1357 1356 ἀόρα-

268 1387 331 1442 τον,
352 1365 408 1430 καί
426 1365 482 1452 τὴν
502 1372 563 1452 μὲν
590 1373 746 1460 μεθεκτην
775 1372 832 1460 τόν
855 1378 884 1440 d’
921 1374 1113 1457 ἀμέθεκτον,
1146 1375 1204 1440 καί
1231 1371 1287 1457 τὴν
1306 1373 1386 1454 phili

268 1463 443 1555 ὖφειμίνην
464 1469 520 1556 τὴν
538 1476 568 1538 d'
589 1471 825 1562 ῦπερκειμένην.
871 1475 889 1542 ό
910 1477 965 1542 καὶ
985 1474 1042 1560 τὴν
1063 1479 1126 1541 τῶν
1148 1474 1356 1558 εἰκονομάχοον

267 1563 502 1656 ὑπερβέβληκεν
523 1574 655 1658 αἵρεσιν,
674 1573 719 1652 οῦς
740 1577 900 1666 εἰρήσεται
929 1580 1089 1662 χωροῦντι
1109 1579 1156 1663 τῷ
1176 1577 1261 1662 λόγῳ
1284 1581 1356 1638 πλα·

203 1690 260 1744 10
268 1669 405 1758 κότερον.
449 1675 478 1738 εἰ
499 1676 528 1740 d'
550 1677 583 1756 ἐξ
607 1675 689 1743 όλοιν
714 1677 789 1764 όλην
809 1681 1071 1764 μεταβεβλῆσθαι
1092 1679 1215 1766 φάσκοι
1235 1674 1291 1761 τὴν
1308 1677 1356 1739 τοῦ

270 1771 384 1838 δοῦλου
404 1776 551 1863 μορφήν,
586 1785 654 1844 κατ’
678 1779 791 1856 αὐτοὺς
814 1779 954 1864 ἀκριβοῦς
982 1781 1082 1844 εἰπεῖν
1101 1779 1174 1856 τοῦς
1199 1777 1355 1876 ebretrud-

264 1895 356 1954 χοος,
378 1875 433 1942 dni
455 1879 524 1964 φῶς
543 1875 691 1966 Ιάρρητόν
711 1905 745 1946 τε
777 1882 832 1946 καὶ
858 1877 1002 1946 οἴκτιστον
1029 1880 1085 1946 καί
1105 1879 1245 1966 θεότητα
1266 1879 1384 1962 §dream

267 1972 356 2040 καθά
374 1976 434 2042 κάν
453 1985 519 2055 τοῖς
538 1983 614 2066 περί
635 1979 742 2068 φωτός
764 1983 896 2060 όιέξεισι
917 1980 1020 2066 λόγοις
1042 1980 1139 2046 αὐτοῦ
1161 1989 1288 2068 φωναῖς
1308 1981 1355 2043 ἀν-

205 2109 208 2116 ·
267 2077 448 2160 decurtare
469 2083 649 2165 κεχρῆσθαι
668 2079 704 2148 τό
727 2083 796 2169 φοῦς
818 2085 917 2148 ἐκεῖνο
928 2131 938 2162 ,
965 2081 1171 2164 καυχώμενον
1191 2080 1284 2166 ’πρὸς
1305 2077 1354 2143 αι’·-

266 2175 329 2254 τόν,
351 2177 407 2242 καί
423 2175 487 2263 “red
512 2181 640 2267 φοβοῦ”
661 2185 967 2268 παρακελευόμενον,
984 2180 1085 2267 “uerri
1105 2205 1167 2248 σου
1185 2183 1251 2267 γόρ
1273 2177 1355 2263 εἰμι,”

266 2278 323 2342 τοῦ
338 2277 506 2360 μέλλοντος
526 2280 700 2369 ἀρραβῶνα
725 2283 831 2370 φωτὸς
864 2285 1098 2370 παρεχόμενον,
1128 2282 1278 2368 ζητητέον
1297 2281 1355 2354 τοῖς

134 2377 253 2440 wilt·
267 2375 303 2446 τό
325 2377 448 2444 κτιστὸν
473 2383 736 2468 μετακεχαόρηκεν
763 2379 870 2472 ἑαυτηῖ
905 2383 984 2472 πρὸς
1015 2383 1051 2451 τό
1085 2381 1232 2451 οἴκτιστον
1255 2383 1309 2447 καί
1325 2378 1386 2447 cdli

267 2475 426 2565 ἠργμένον
446 2480 527 2566 πρός
546 2481 581 2550 τό
606 2480 746 2570 ἄναρχον
761 2485 816 2550 καί
828 2483 862 2550 τό
882 2483 1034 2572 χρονικόθ
1057 2483 1137 2570 πρός
1155 2481 1191 2550 τό
1218 2481 1355 2568 ἄχρονον,

195 2595 256 2652 ΙΙ
268 2577 324 2644 καί
334 2577 426 2666 ’πρός
446 2579 480 2648 τό
504 2587 745 2670 πεπερασμένον
759 2584 794 2652 τό
812 2583 953 2673 ἄπειρον.
974 2583 1092 2670 ὅτιμὲν
1109 2584 1171 2673 γὰρ
1193 2583 1231 2650 τό
1253 2587 1354 2672 φθορ-

266 2677 432 2750 νῦντοῦτο
462 2683 544 2752 κοτά
570 2684 625 2752 τόν
653 2691 742 2754 θεῖον
770 2687 945 2755 ἀπόστολον
978 2688 1142 2755 ἐνόῦσεται
1162 2685 1353 2775 ἀφθαρσιλιν,

264 3011 313 3064 tio.
350 3011 433 3081 igitur
460 3013 483 3064 ti
508 3013 567 3082 quir
590 3015 724 3066 ementire
747 3015 855 3068 diriore
879 3015 991 3080 dixerit,
1010 3013 1225 3069 llaulchaeorruu
1243 3013 1352 3075 morbum

267 3085 415 3137 orteoderit
435 3085 531 3137 oratio.
569 3086 632 3154 quid
651 3101 718 3138 uero
739 3089 824 3155 magle
845 3087 952 3154 impium
972 3095 1028 3150 eet,
1048 3103 1125 3156 quam
1144 3088 1278 3138 carentiae
1295 3100 1351 3152 per-

264 3156 435 3206 mutationem
453 3157 544 3208 dicere
563 3155 661 3210 chricti
680 3159 707 3209 in
726 3167 816 3210 monte
837 3159 940 3211 Thabor
959 3159 1219 3224 transfigurationem
1242 3165 1269 3209 et
1293 3157 1351 3209 dne-

264 3241 321 3278 rum
339 3227 498 3293 ineptiarum
517 3227 655 3292 iuducere,
675 3237 720 3281 out
740 3230 903 3282 immutabile
926 3231 1033 3282 divinae
1053 3230 1185 3282 carentiae
1211 3229 1351 3297 deprimere

264 3298 297 3350 td
315 3297 463 3349 subiectum
489 3305 516 3350 ot
537 3298 571 3349 ab
594 3299 642 3350 illa
660 3300 793 3367 alienum,
818 3309 864 3354 aot
882 3303 1024 3370 inscientia
1048 3309 1073 3352 et
1089 3301 1206 3369 maligna
1225 3307 1311 3352 mente
1327 3299 1349 3348 iu

264 3370 328 3421 duta
352 3369 483 3420 increatae
513 3371 625 3422 deitates
655 3372 803 3425 distrahere
825 3389 903 3424 unum
928 3375 1070 3425 increatum
1100 3379 1127 3423 et
1152 3372 1350 3424 individuamol

264 3437 431 3506 timolinam,
456 3447 484 3492 et
511 3441 621 3494 alteram
646 3443 737 3496 dicere
756 3444 904 3512 uiribilem‚
925 3444 1089 3497 invisibilem
1108 3444 1230 3508 alteram,
1248 3443 1347 3496 alteram

264 3511 503 3580 particeptibilem,
522 3513 785 3580 imparticeptibilcm
803 3515 930 3582 alteram,
949 3515 1059 3568 alteram
1080 3515 1243 3578 subiectam,
1262 3529 1347 3581 anper-

263 3583 497 3648 occumberem,
517 3587 587 3652 quod
607 3587 689 3652 ipram
710 3587 942 3640 iconomachorum
967 3587 1091 3640 haeresin
1115 3589 1253 3654 euperarit
1276 3585 1347 3642 utin

263 3655 425 3722 procedente
444 3657 565 3708 oratione
585 3657 669 3708 iuaiue
688 3658 800 3710 dicetur.
836 3661 876 3711 tiu
897 3667 1003 3712 omnem
1023 3661 1129 3711 omuino
1147 3659 1246 3710 dixerit
1262 3659 1347 3708 inmu-

263 3733 343 3778 tattru
369 3725 441 3778 uerri
469 3728 577 3780 lormarn
603 3735 633 3779 ut
659 3729 825 3782 iconomachi
849 3731 940 3783 dicunt
964 3732 991 3782 in
1010 3731 1096 3782 lucem
1117 3730 1249 3782 inlaudaor
1269 3727 1346 3780 etiu-

156 3795 163 3813 ¹
244 3804 378 3848 ocreatum
397 3804 424 3850 ot
441 3797 566 3850 deitatem
585 3798 698 3850 alienum
718 3809 748 3852 ut
766 3801 794 3853 iu
813 3803 978 3854 aermooihur
996 3803 1029 3854 de
1042 3802 1102 3853 luce
1121 3802 1229 3853 diruerit
1247 3797 1346 3854 uocibus

264 3865 394 3932 humanit,
413 3883 486 3920 uram
505 3885 565 3922 etro
583 3869 670 3922 luceru
689 3871 761 3924 illam
773 3873 931 3942 gloriantem
951 3876 983 3925 da
1003 3889 1074 3938 ecee,
1095 3887 1150 3929 nort
1159 3879 1262 3924 terrore
1280 3883 1345 3922 con·

263 3944 375 4002 111θῑΙΙΙΙι
397 3945 485 3990 ῑθθῑῑλῐλ
505 3941 575 3992 enlm
593 3957 665 4006 tum,
691 3946 788 4012 pignus
813 3945 917 3997 iuturae
937 3945 1004 3996 lucie
1024 3945 1204 4012 praebentem,
1224 3955 1344 4014 quaereu-

163 4067 171 4088 Ι
263 4009 324 4062 dum
348 4016 403 4072 ert,
430 4012 561 4078 quomodo
579 4021 695 4065 creatum
720 4016 816 4068 abierit
827 4017 858 4068 ad
872 4019 1017 4068 increatum
1036 4025 1062 4068 et
1085 4015 1236 4068 inchoatum
1255 4015 1285 4066 ed
1299 4024 1344 4063 nou

263 4078 412 4132 inchoatam
432 4082 623 4149 attemperate
642 4085 675 4137 ad
692 4101 745 4138 uon
765 4087 912 4155 temporale
932 4095 959 4137 ct
971 4089 1071 4138 linitum
1091 4088 1124 4140 ad
1143 4087 1279 4138 indultum.
1293 4095 1343 4134 utut

264 4149 317 4204 boc
335 4150 511 4217 corruptibile
528 4161 557 4203 ut
575 4155 652 4206 dirue
673 4159 811 4224 aportolue
833 4160 897 4212 dicit
906 4158 1057 4210 induturum
1070 4159 1291 4227 incorruptionem
1301 4167 1344 4204 ιο·

264 4221 378 4279 divimus
397 4221 630 4293 credidinurque.
649 4237 766 4280 creatum
786 4237 873 4282 auteur
892 4231 950 4282 lieri
968 4231 1114 4282 increatum
1134 4231 1179 4283 rel
1198 4243 1289 4298 corpur
1305 4226 1341 4276 ia·
