2862 4784
253 235 279 310 6
526 233 780 304 amnon}
812 229 1046 300 GREGOME

256 405 318 467 τῶν
349 394 594 482 Καλλιστράτου
628 399 752 464 παίδων
788 393 804 460 e‘
836 392 1069 478 προσβότερος·
1128 385 1358 474 Ἀγκθόγγτλος

258 493 358 584 ῦνομα
378 501 501 585 τόνδρό.
543 499 651 588 χρόνῳ
671 522 706 582 γε
734 497 798 582 μην
820 491 956 580 {esseda
979 493 1185 580 ἀνειληφότες
1205 485 1356 574 indicos,

256 597 418 686 ἐκατέρσις
433 604 495 666 τοῖν
517 601 638 666 οἰκείων
660 600 834 682 ἐχρώμεθα
858 593 1060 671 διδασκάλοις
1083 593 1297 678 διηγημάτων,
1318 591 1354 652 τό

255 727 290 769 το
311 697 391 768 sitta
413 705 469 768 καί
491 697 568 776 ἐσας
590 702 651 766 τόν
673 697 799 784 saites
819 695 1061 780 συμπτωμάτων
1082 692 1117 762 αἱ
1145 695 1244 775 τόχαι
1267 711 1356 756 κτκο-

256 808 368 887 μιλιαοι
389 807 428 892 τῇ
448 827 481 887 γι
500 807 557 870 τοῦ
570 804 648 868 θοοῦ
667 799 814 889 ἐκκλησίᾳ
836 797 890 864 καί
911 795 980 880 ἅμα
999 803 1065 872 τοῖς
1079 801 1250 868 πολιτικοῖς
1273 789 1374 876 πρό-5

256 929 356 990 γμασι
378 905 436 980 τός
457 906 639 990 συμφοράς,
660 904 719 968 τοῦ
740 903 818 966 θεοῦ
843 895 1119 982 συγκεχωρηκότας
1142 892 1193 962 διό
1217 891 1277 978 τὴν
1297 895 1355 960 ταῦτ

260 1003 402 1090 πατρίων
423 1009 476 1087 τῆς
498 1007 661 1085 ου’σιβιιάς
683 1003 851 1086 δογμάτων
870 1001 1032 1086 α’θέτηοιν,
1053 993 1091 1084 ἢν
1113 995 1189 1064 odit
1205 995 1242 1060 σέ
1263 999 1356 1076 λελη-

259 1109 352 1174 θέναι
375 1108 465 1170 δοκεῖ
481 1129 556 1187 μοι,
578 1102 672 1186 ἔγωγε
694 1101 851 1188 ἔφασκον·
882 1097 929 1166 ἐτι
950 1097 1012 1184 γὰρ
1035 1101 1189 1168 ἐνταυθοῖ
1207 1091 1360 1176 παρεῖναί

258 1230 294 1274 σε
314 1207 489 1292 μδμνημαι,
510 1209 567 1272 κατ’
587 1205 706 1270 adsiduos
727 1205 840 1289 σαφοῦς
856 1205 1022 1282 Παλαμᾶν
1044 1195 1157 1264 κόνντα
1179 1197 1238 1277 μὲν
1260 1191 1303 1260 ἔτ’
1326 1197 1358 1260 ἐν

256 1309 372 1390 γαστρὶ
399 1308 570 1391 μοχθηρά,
598 1309 654 1370 καί
684 1304 838 1370 αέδίνοντα
864 1301 903 1368 τό
933 1305 988 1384 τῆς
1017 1299 1191 1371 πολοθτΐας
1213 1292 1282 1376 ἅμα
1307 1295 1389 1362 scili

257 1406 372 1482 α’θτΐας
395 1405 540 1490 δόγματα
552 1454 563 1485 ,
586 1406 654 1472 ἐστι
678 1407 707 1469 δ’
729 1395 767 1468 οὗ
789 1403 843 1470 καὶ
865 1397 1105 1487 ἐξερευγόμενον
1124 1395 1228 1464 ταῦτα’
1250 1417 1283 1460 τε
1308 1397 1359 1458 κατ’

258 1607 412 1692 αἱρέσεως
433 1603 564 1692 εῦρηται
598 1609 750 1688 πολυειδῆ
771 1609 882 1680 κακίας
906 1601 1131 1684 ὑπομνήματα.
1184 1593 1284 1664 duct*
1304 1617 1360 1676 μι-

257 1707 333 1792 κρόν
354 1703 484 1792 ὕστερον
504 1711 665 1794 γεγέννηκέ
687 1729 719 1772 το
740 1705 772 1780 ἐς
790 1709 949 1788 προῦπτον
968 1705 1023 1768 καί
1043 1699 1180 1785 ἔθρεψε,
1200 1721 1359 1780 μαιευυα-

256 1811 361 1892 μόνων
383 1813 446 1874 ταῖν
478 1811 650 1894 τηνικαῦτα
680 1810 866 1887 δυναμένων
895 1803 984 1890 οἴγειν
1003 1806 1058 1868 καί
1086 1806 1194 1888 φόρτιν
1215 1795 1255 1866 τό
1277 1795 1388 1881 apd-it

257 1919 372 1996 γματα.
416 1910 466 1974 διὸ
489 1909 545 1978 xus*
565 1907 745 1998 καθῄρηται
779 1910 838 1989 μὲν
861 1904 895 1972 τό
917 1908 998 1988 μέγα
1023 1905 1078 1972 καδ
1103 1898 1290 1986 περιβόητον
1308 1904 1360 1968 τέ-

256 2033 373 2092 μτνσς,
403 2007 644 2098 συγκαθῄρηται
674 2013 704 2074 δ’
724 2003 794 2096 όμα
816 2009 904 2096 αῦτη]
924 2010 980 2071 κατ’
1007 2003 1042 2074 τό
1066 2009 1153 2070 θεῖον
1176 2005 1276 2070 ἐκεῖνο
1299 2006 1359 2066 θα-

258 2111 451 2194 σιαστὴριον,
475 2113 533 2176 τοῦ
556 2114 636 2174 θεοῦ
658 2096 903 2194 ζωγραφοῦντας
931 2106 965 2174 ἐν
995 2107 1101 2182 αῦτοῖς
1123 2107 1181 2188 τὴν
1202 2101 1301 2187 όργὴν
1325 2099 1359 2186 ἢν

258 2207 312 2276 διό
336 2207 371 2274 τό
394 2213 450 2294 τῆς
465 2211 614 2292 α’στβτόας
634 2212 750 2294 τοότης
774 2207 866 2290 ἔσχεν
888 2211 1051 2290 όθέμιτον.
1095 2208 1167 2272 ἐπιδ
1187 2206 1223 2270 δέ
1242 2201 1281 2267 τό
1302 2207 1359 2284 μὲν

259 2307 353 2387 καλὸν
376 2320 478 2400 ποιιῖν
507 2317 671 2396 προϊοῦσιν
695 2311 793 2396 α’πῆν,
813 2312 848 2376 τὸ
879 2313 913 2376 δέ
945 2307 1041 2376 κακόν
1071 2308 1199 2372 δποΐναι
1229 2303 1289 2368 σόοι
1313 2295 1389 2386 W

260 2410 472 2494 ἀνατρέπεται
494 2417 548 2480 κατ’
568 2422 734 2498 σνγχεῖται
755 2415 903 2498 διηνεκῶς
925 2414 963 2478 τὰ
980 2411 1146 2491 Ῥωμαίων
1171 2406 1254 2492 decis
1275 2405 1358 2492 πρό-

258 2536 374 2596 γματα,
395 2515 449 2582 κατ’
469 2513 503 2580 τό
526 2517 690 2598 νινόμινον
710 2519 765 2600 τῆς
787 2519 879 2589 θείας
901 2512 997 2598 όργῆς
1017 2510 1073 2580 oda
1096 2507 1229 2594 ἔγνωκεν
1250 2509 1359 2594 α’πρα-

258 2819 377 2874 alienum
394 2819 511 2872 abiiciat.
537 2819 613 2872 affuit
632 2829 720 2872 autem
738 2819 951 2890 Agathangeius,
972 2817 1118 2874 callistrati
1139 2818 1255 2872 filiorum
1276 2821 1360 2874 maier

257 2897 331 2944 natu.
369 2906 449 2960 quum
469 2905 536 2942 vero
558 2899 670 2962 uterque
688 2901 808 2959 tempore
829 2893 942 2946 animum
964 2892 1128 2960 recepisset,
1149 2890 1218 2946 alter
1240 2907 1301 2944 curn
1318 2893 1359 2945 ai.

257 2969 317 3014 tero
339 2975 401 3013 suas
421 2961 587 3014 narrationes
608 2963 819 3014 communicabat
837 2979 915 3032 quum
935 2963 968 3014 de
987 2961 1048 3014 aliis
1069 2961 1149 3014 rebus
1170 2969 1224 3012 tum
1245 2965 1360 3016 maxime

259 3033 292 3086 de
311 3031 515 3098 calamitatibus,
539 3049 603 3102 quas
626 3035 731 3085 fortuna
753 3037 862 3086 incertis
874 3035 978 3086 casibus
1001 3033 1044 3085 dei
1069 3033 1203 3086 ecciesiae
1225 3033 1306 3087 rebus
1327 3051 1359 3086 ue

257 3101 374 3173 pabiieis
392 3103 543 3169 indixisset,
564 3106 615 3156 deo
638 3121 682 3156 eas
702 3105 856 3158 admittente
879 3106 913 3157 ob
935 3106 1104 3156 eversionem
1122 3105 1268 3172 patriorum
1290 3053 1358 3158 τέἐί.

258 3175 347 3246 pionis
368 3175 528 3242 dogmatum,
550 3191 626 3244 quarn
645 3193 679 3227 ne
699 3175 748 3228 tibi
771 3177 1000 3246 quidem,inquam
1019 3191 1081 3244 ego,
1101 3177 1218 3244 ignotam
1238 3191 1300 3228 esse
1313 3193 1358 3229 ar.

258 3245 352 3300 bitror.
399 3247 506 3297 memini
529 3249 597 3298 euim
625 3255 652 3298 te
674 3256 736 3299 tunc
758 3249 885 3316 temporis
907 3249 1015 3299 aiiuisse
1037 3255 1064 3298 et
1082 3255 1206 3300 accurate
1225 3247 1356 3300 Paiamarn

259 3317 431 3386 cognovisse,
452 3333 531 3402 uuum
553 3333 702 3386 praegnans
714 3319 851 3370 isterebus
870 3319 1032 3376 calamitosis
1044 3319 1166 3388 dogmata
1184 3318 1357 3386 polytbeismi

258 3387 391 3457 simulque
403 3388 524 3440 athersmi
539 3391 692 3457 parturiret,
711 3391 841 3442 interdum
856 3405 921 3442 uero
937 3391 1015 3441 etiam
1028 3405 1082 3442 non
1096 3389 1182 3441 solum
1201 3389 1359 3443 haeceruc.

257 3467 343 3524 taret,
371 3460 417 3512 sed
440 3461 518 3512 etiarn
544 3461 719 3513 multiiormes
741 3471 820 3532 atque
839 3461 926 3513 varias
944 3461 1144 3530 improbitates,
1170 3477 1239 3531 quae
1260 3465 1359 3530 passius

259 3537 340 3600 atque
360 3531 475 3584 diversis
496 3533 659 3599 temporibus
683 3547 698 3584 a
719 3532 855 3585 veteribus
881 3533 1024 3586 haereticis
1045 3533 1172 3585 inventae
1197 3539 1278 3602 atque
1300 3551 1359 3586 me.

259 3611 377 3655 morawa
396 3609 466 3654 sunt.
516 3603 584 3656 baud
603 3605 640 3655 ita
661 3603 744 3655 multo
770 3613 830 3671 post
851 3621 883 3655 ca
909 3605 1015 3672 peperit
1036 3611 1115 3674 atque
1136 3606 1163 3657 in
1182 3605 1270 3656 lucem
1292 3621 1359 3674 pro.

259 3675 335 3726 duxit
353 3674 595 3728 obsecundantibus
616 3677 661 3738 iis,
684 3677 728 3744 qui
747 3683 810 3726 tunc
828 3691 877 3726 suo
896 3675 1005 3728 arbitrio
1023 3675 1111 3726 omnia
1127 3676 1260 3729 moderari
1278 3685 1359 3744 pote.

259 3753 327 3798 rant.
348 3761 430 3814 quare
449 3761 571 3798 eversum
593 3753 634 3798 est
653 3747 792 3798 maximum
815 3746 1106 3816 atqueceicberrimum
1125 3747 1261 3816 templum,
1276 3765 1359 3801 ever.

20 3853 21 3856 κ
259 3831 318 3870 sum
336 3825 377 3868 est
397 3833 500 3869 sacrum
512 3817 578 3868 iliud
596 3817 680 3868 altare
698 3819 749 3870 deo
772 3819 835 3869 iram
856 3835 929 3870 suam
945 3818 1054 3872 inhisce
1072 3819 1152 3870 rebus
1171 3819 1359 3886 adumbrante,

20 3853 383 4040 νΧρυαικέτολι
404 3889 532 3940 nefariam
552 3888 619 3940 banc
638 3889 800 3956 impietatem
820 3893 953 3958 concepit.
974 3905 1053 3959 quum
1074 3899 1162 3942 autern
1180 3893 1213 3944 iis
1236 3893 1360 3960 iampro.

21 4177 24 4300 Ι

259 3983 273 4016 0
327 3967 373 4010 ute
394 3967 514 4028 tempore
534 3959 646 4011 honeste
665 3976 745 4030 agere
763 3977 817 4013 non
837 3961 943 4027 liceret,
965 3961 1012 4014 sed
1031 3961 1150 4030 improba
1169 3963 1288 4016 facinora
1305 3979 1359 4016 non

260 4037 373 4101 possent
389 4045 444 4081 non
463 4032 552 4094 cdere,
576 4031 672 4082 iactum
693 4039 780 4084 estut
801 4041 931 4100 perpetuo
954 4049 997 4086 res
1015 4031 1133 4085 Romana
1151 4035 1312 4104 diriperetur
1335 4045 1361 4086 et

260 4103 473 4166 conturbaretur,
492 4117 580 4169 neque
602 4117 716 4171 unquam
743 4105 784 4156 dei
809 4107 847 4158 ira
873 4121 957 4174 nsque
975 4105 1316 4175 progrediens'quiesecre
1333 4107 1360 4158 in

203 1538 209 1552 ·
259 1502 322 1574 ὅσα
344 1515 410 1584 τοῖς
431 1508 530 1572 πόλοι
557 1506 719 1592 σποράδην
741 1507 796 1572 κατ’
816 1503 894 1570 aussi
928 1499 1106 1588 διαφόρους
1129 1496 1203 1572 τούς
1222 1487 1359 1580 χρόνους
1412 1525 1413 1536 ι
