2872 4784
179 301 398 372 nrsronrtn
424 301 681 412 ammanus
710 271 804 372 xxx.
822 283 1007 370 θλ-δό.
1032 323 1047 348 ·
1074 295 1146 370 313

45 460 82 551 ἧν
104 465 165 532 καί
196 463 301 553 ἔσται,
330 466 405 540 θεός
437 463 570 549 ἰσχυρός
593 467 713 552 δίκαιος
744 457 912 546 όντιστος,·
933 462 1070 550 ἀλήθεια
1094 487 1148 532 σο-

48 573 106 654 φιά
129 567 269 647 δόναμις
290 565 354 650 ζωη
377 569 445 654 φοός
469 569 612 650 ἐνέργεια
632 571 686 632 καί
706 564 742 630 τό
766 569 906 636 τοιαῦτα.

106 669 236 748 Ἐπείγε
247 665 311 750 μην
323 669 358 732 ἐκ
372 669 433 733 τοῖν
446 670 567 733 οἰκείων
581 663 732 752 ῥημάτων
747 677 779 732 τε
795 669 851 730 καί
862 670 1057 750 γραμμάτων
1073 663 1214 745 ἁλι-ῃ

47 771 201 851 σκόμενον
225 767 240 832 ό
260 770 424 850 Παλαμοῖς
445 764 559 860 ἑαυτόν
577 761 660 853 ἓιόρα
681 771 839 852 διηνεκῶς,
855 765 935 830 “οι’κ
956 771 989 832 έν
1009 767 1151 853 onaan?

26 871 158 956 5φησίν,
177 865 267 932 “οόδ’
289 863 394 943 όπλιός
414 872 447 934 έν
467 867 667 952 γράμμασιν,
688 862 757 932 ἀλλ’
779 871 811 931 έν
833 857 1148 952 πρόγμοισινῆμοόνῆ

47 971 197 1050 εὐσέβεια
218 967 300 1034 κατοὶ
314 967 389 1044 τοός
403 966 599 1052 θεολόγονς.”
620 967 738 1054 μικρόν
755 960 812 1032 οὖν
831 966 972 1050 έπισχων
993 967 1149 1052 δΓρηγο-

48 1074 106 1153 ρᾶς
124 1064 144 1088 “
156 1069 208 1135 ιὀό
231 1065 307 1134 ίοό”
342 1073 440 1156 φησίν
466 1064 540 1152 “arie
570 1066 790 1153 δβελτηριάς.”
838 1068 893 1132 καί
920 1067 1045 1133 α’πιδοόν
1068 1069 1148 1152 πρός

50 1167 145 1234 αότόν
164 1163 253 1233 “siro
276 1169 448 1246 ἐλάνθανες
475 1167 575 1253 ἧμός”
604 1171 685 1255 φησί
702 1163 926 1254 “λοσιόκωφός
956 1193 1004 1244 τις
1033 1163 1077 1233 τόν
1095 1167 1150 1234 καί

50 1267 182 1353 α’νῆκοος
206 1271 261 1332 καί
280 1269 464 1334 παντάπασι
485 1273 541 1355 τῆς
563 1272 627 1334 τιόν
649 1274 745 1334 θείων
766 1273 899 1355 γραφαῖν
922 1271 1148 1353 διδασκαλικῆς

18 1364 158 1452 Ιοὲοοτῆς
177 1392 210 1432 τε
244 1369 298 1433 καί
328 1367 551 1456 πανηγύρεως,
579 1373 632 1434 καί
654 1371 918 1453 μετεγκεντρίζων
948 1373 981 1448 ἐξ
1003 1365 1167 1451 δμαθίοις

50 1465 185 1535 όλλοθεν
218 1467 330 1535 ἄλλοθι
364 1469 419 1536 τόν
453 1467 580 1538 όπαντα
611 1473 684 1536 νοόν
716 1469 771 1535 καί
796 1469 913 1536 σκοπόν
932 1475 988 1556 τῆς
1010 1477 1147 1557 γραφῆς.

49 1575 139 1636 τοῦτο
156 1568 220 1654 γόρ
242 1567 259 1636 δ
280 1574 380 1654 μέγας
402 1575 435 1637 έν
458 1575 606 1660 θεολογίρ
626 1570 741 1658 φάσκει
762 1573 792 1636 Γ
790 1565 947 1658 ρηγόριος,
967 1571 1006 1638 τό
1030 1578 1149 1639 Διονυ-

51 1675 106 1756 σίῳ
128 1673 172 1756 τῷ
195 1675 273 1757 θείῳ
307 1674 464 1753 λεχθέντα
499 1672 790 1756 διαβεβαιοίμενος,
815 1665 921 1753 οἶμαι,
944 1675 1000 1738 καί
1020 1696 1148 1756 σογχω·

52 1773 113 1852 ρῶν
147 1775 205 1834 κατ’
239 1767 332 1846 αότός
368 1776 425 1836 καί
453 1770 548 1838 οἷονεί
584 1770 835 1857 προτρεπόμενος
870 1775 1052 1860 οἰκονομικῷ
1086 1772 1149 1839 τινὶ

18 1869 153 1958 ιότρόπῳ
178 1873 295 1954 καιροῦ
315 1877 485 1950 καλοῦντος
508 1874 588 1958 πρός
604 1872 679 1948 τούς
707 1876 767 1937 τῶν
787 1871 945 1956 όμιλητιόν
970 1871 1149 1958 διαφόρους

52 1969 105 2046 τός
119 1973 248 2053 γνώμας
269 1977 325 2036 καί
336 1975 466 2055 γνώσεις
488 1977 677 2060 κεχρῆσθαι,
700 1973 754 2038 καί
772 1971 1060 2056 μικρόνένδιδόναι
1084 1982 1149 2048 τοῖς

53 2071 220 2158 διαφόροις
242 2074 304 2138 τῶν
325 2072 519 2159 προσιόντων
540 2068 635 2160 ἤθεσι
649 2077 689 2138 δι’
706 2077 845 2160 α’ναγκην
858 2073 969 2156 ἐνίοτε,
987 2066 1068 2138 aiore
1090 2069 1149 2156 τήν

53 2170 166 2248 έντοῖς
199 2175 332 2258 καιρίοις
363 2179 417 2259 τῆς
447 2179 581 2252 πίστεως
604 2176 792 2258 όμολογιάν,
822 2177 853 2240 εἰ
878 2177 933 2239 καί
950 2173 994 2258 μη
1020 2177 1212 2256 λέξεσιν,“

54 2269 128 2338 α’λλό
148 2297 185 2356 γε
207 2283 277 2366 ταῖς
301 2278 435 2352 ἐννοίαις
448 2274 665 2362 φυλάττεσθαι
679 2275 897 2357 όπαρόβατον.
942 2278 975 2338 έν
1000 2266 1046 2349 οἷς
1067 2277 1149 2350 ἐξεῖ-

19 2372 105 2440 λθναί
120 2398 201 2459 φησι
223 2378 315 2459 τήνδε
339 2371 359 2460 ἢ
378 2375 471 2458 τήνδε
492 2377 547 2460 την
562 2379 643 2454 λέξιν
666 2381 721 2440 καί
742 2379 783 2439 δι’
809 2369 922 2460 ἑτέρων
936 2371 1149 2457 όμοδονόμων

53 2475 102 2538 καί
114 2479 394 2562 έκφανέικωτέρων
406 2483 519 2557 λέξεων
534 2481 705 2564 διασαφεῖν
719 2475 773 2542 τόν
789 2480 952 2562 θεοπρεπῆ
966 2470 1092 2560 τρόπον.
1111 2471 1151 2539 οό

54 2577 102 2639 δεῖ
116 2579 160 2657 δέ,
189 2576 285 2664 φησίν
307 2576 516 2660 Ἀθανόσιος,
538 2576 578 2642 τό
602 2580 869 2659 κατ”οἰκονομίαν
890 2575 1078 2664 γραφόμενα
1097 2574 1152 2640 καί

53 2675 194 2760 γινόμενα
208 2680 360 2761 δέχεσθαι
376 2677 575 2765 κακοτρόπως
590 2677 644 2744 καί
660 2677 739 2764 πρός
750 2676 805 2764 τὴν
817 2679 902 2744 ἰδίαν
917 2679 1018 2746 ἓλκειν
1028 2672 1150 2762 βοόλη-

56 2878 114 2933 iens
131 2887 229 3004 ρριεοτ
251 2883 335 2935 iustus
353 2881 487 2935 increatus
506 2883 608 2936 aerias
629 2881 760 2951 rapientia
775 2883 818 2935 ris
837 2881 894 2936 rita
913 2879 1004 2934 lumen
1024 2882 1148 2936 efficies.

67 2952 100 3002 tia
120 2953 250 3020 taiaqnc.
354 2993 359 3004 .
545 2975 551 2982 ·

149 3023 217 3078 Cum
247 3032 334 3076 autern
354 3026 409 3078 suis
435 3025 519 3093 ipsius
539 3025 629 3078 uerbis
659 3035 685 3078 et
711 3027 817 3094 scriptis
838 3025 895 3092 oapi
915 3023 1034 3077 Paiamas
1053 3039 1083 3076 se
1103 3026 1148 3076 ui.

57 3092 125 3145 ieret
149 3097 297 3160 continuo,
326 3111 380 3148 non
413 3097 440 3147 in
471 3097 576 3160 serbis,
600 3099 701 3166 inquit,
729 3114 817 3166 neque
844 3098 950 3148 omnino
977 3095 1004 3146 iu
1031 3096 1147 3162 scriptis,

57 3165 141 3217 sedin
163 3166 245 3219 rebus
270 3168 369 3219 nostris
397 3169 483 3234 pietas
508 3169 626 3220 cernitur
652 3170 797 3221 secundum
821 3167 973 3235 theologos.
1011 3166 1147 3234 paulutum

57 3234 131 3301 igitur
149 3246 268 3290 moratus
288 3237 439 3307 Gregoras:
460 3251 534 3306 ριν,
554 3240 650 3308 inquit,
670 3239 830 3305 stultitiam,
850 3247 877 3290 ct
894 3239 1046 3306 despiciens
1067 3255 1146 3290 cunr:

60 3319 116 3372 ergo
137 3309 259 3378 fugiebat
284 3324 344 3374 nos,
370 3311 471 3378 inquit,
492 3319 518 3362 te
543 3325 603 3362 esse
623 3314 724 3362 auriurn
751 3311 902 3374 obtusorum
935 3319 962 3362 et
992 3311 1097 3362 sardana
1122 3317 1148 3362 et

61 3379 161 3430 omniuo
180 3381 301 3448 ignarum
317 3381 471 3433 festivitatis
492 3389 518 3432 et
531 3381 721 3434 celebrationis
732 3383 825 3434 doctae
838 3381 965 3434 librorum
985 3383 1147 3446 divinorum,

61 3453 83 3496 st
99 3448 239 3503 inserendo
261 3459 287 3502 et
298 3453 495 3518 transponendo
508 3451 616 3503 aliunde
627 3453 691 3504 aiibi
703 3463 861 3520 pervertere
875 3454 1026 3521 ignorantia
1045 3468 1147 3504 ornnem

60 3531 156 3571 sensuro
176 3532 203 3574 et
223 3537 301 3574 omne
324 3522 464 3574 consilium
484 3521 652 3590 scripturae?
695 3524 745 3574 hoe
774 3526 842 3576 enirn
862 3539 972 3593 magnus
992 3524 1019 3574 in
1038 3521 1148 3574 thecle.

60 3589 97 3653 gia
114 3591 177 3644 dicit
200 3593 346 3660 Gregorius
367 3610 398 3645 ea
418 3611 486 3662 quae
506 3609 521 3645 a
543 3594 671 3660 Dionysio
689 3595 780 3646 divino
808 3596 957 3646 dictasunt
979 3594 1147 3656 confirmans,

60 3667 131 3724 puto,
159 3671 186 3714 ct
205 3665 356 3716 concedens
385 3673 411 3716 et
431 3667 489 3732 ipse
509 3673 536 3716 ct
553 3665 743 3732 quodammodo
773 3666 915 3718 adhortans
931 3672 960 3714 ut
978 3676 1058 3730 parco
1078 3677 1147 3732 quo.

61 3729 110 3780 ianr
131 3736 207 3786 niodo
228 3736 372 3787 occasione
392 3735 422 3788 ad
446 3752 492 3788 eos
512 3735 649 3800 affabiles,
675 3737 719 3805 qui
740 3738 767 3798 in
786 3737 927 3788 sententiis
947 3743 973 3786 et
992 3734 1147 3803 cognitione

61 3799 107 3852 siut
124 3804 232 3870 diversi,
254 3815 369 3859 vocante
388 3816 490 3859 utamur
510 3816 536 3858 ct
565 3808 853 3876 paucainduigcarnus
879 3805 992 3874 diuersis
1013 3807 1147 3857 acccdcn.

62 3871 118 3922 tiam
135 3877 251 3929 moribus
270 3880 424 3930 necessario
439 3893 642 3946 nonnunquam:
662 3880 698 3931 ita
717 3888 746 3930 ut
764 3880 792 3929 in
806 3877 885 3930 rebus
901 3876 1069 3945 gravissimis
1087 3877 1148 3930 iidei

62 3949 193 3998 consensio
213 3950 334 4016 quamvis
354 3964 407 4000 non
427 3949 519 4001 verbis
538 3949 632 4002 saitem
645 3949 852 4019 cogitationibus
872 3957 995 4000 servetur
1015 3957 1149 4002 constans.

62 4025 106 4092 qut
122 4017 148 4068 in
167 4034 196 4069 re
216 4018 299 4072 licere
311 4020 426 4072 aithane
439 4020 483 4072 vel
501 4020 574 4073 iliam
594 4036 688 4072 vocem
701 4023 777 4072 etiarn
791 4021 852 4072 aliis
865 4019 996 4073 similibus
1019 4029 1046 4072 et
1066 4021 1149 4090 magia

62 4087 260 4150 significantibus
273 4091 385 4143 vocibus
397 4091 536 4158 'explicaro
550 4093 655 4145 ratione
668 4093 717 4144 deo
733 4094 921 4156 conveniente,
938 4107 992 4144 uon
1004 4100 1090 4144 autern
1100 4093 1150 4143 dc-

63 4161 108 4219 cet,
117 4159 151 4210 ait
163 4159 333 4226 Athanasius,
345 4178 376 4214 ea
386 4179 454 4232 quac
466 4179 545 4230 parco
559 4165 636 4216 niodo
650 4164 801 4216 scribuntur
814 4172 840 4216 ct
851 4165 915 4216 iiuut
927 4165 1052 4231 accipere
1067 4175 1148 4229 pravo

18 4305 21 4318 .
64 4237 143 4294 sensu,
159 4240 186 4284 et
195 4233 221 4284 in
233 4247 306 4285 suam
318 4233 483 4288 voluntatem
494 4235 615 4289 traherer
632 4237 729 4290 ctcniur
740 4238 818 4291 etiam
828 4236 946 4290 medieas
958 4245 1149 4304 cooperientem
