2872 4784
210 315 436 387 ursuonrrs
454 315 822 385 namuurum.
838 300 1025 391 65-θὸ.
1086 309 1159 412 ers
1218 301 1221 308 ’

58 489 178 551 crudus
202 479 256 548 ιιαί
276 481 330 549 τόν
349 485 412 548 τόν
434 483 597 564 ὀνομάτων
620 485 654 562 ἐξ
668 482 802 568 ἀνόγιρς
823 485 1002 568 πολυσχιδῆ
1028 483 1083 550 καί
1102 505 1163 548 νιο-

57 586 216 669 λόιροιιον
232 581 400 671 μερισμόν,
424 584 532 648 όποίον
548 581 566 668 ἦ
581 587 643 650 τῶν
661 583 823 670 διαφόρων
843 581 1164 672 πραγμότανόιοίφο-

22 695 113 768 ’ρος
137 684 316 768 παραγωγὴ
352 693 583 768 ιελεσιοοργεί,
618 683 786 770 όνγόμεως
815 688 894 768 λέγω
925 683 980 748 sal
1000 687 1082 768 ζωῆς
1108 691 1164 752 καί

58 790 220 870 ἐνεργείας
238 789 294 850 uui
314 783 421 871 φωτός
442 785 497 851 καί
517 785 635 871 σοφίας
662 789 718 850 καί
736 789 799 850 τοῖν
826 784 985 867 εοιοίιοσν,
1011 789 1162 873 μονοειδῆ

35 895 116 953 5ιιαί
138 884 238 951 σινίόν
258 881 318 968 ἤδη
340 889 395 950 καί
411 886 609 968 μονότροπον
630 881 673 962 σός
696 885 825 970 attende
848 888 967 969 δρόμον
989 889 1022 952 ἐν
1044 891 1086 974 τῷ
1107 891 1162 972 τῆς

59 989 216 1072 α’λνγθείας
249 991 356 1076 ίιιείνιρ
388 990 485 1074 πεόίιρ
525 985 648 1053 θοόνεα.
702 992 991 1071 περιγεγραμμένος
1021 989 1082 1074 γάρ
1113 1013 1164 1065 τις

60 1084 136 1172 όρος
165 1083 297 1173 ἑκάστης
326 1088 436 1166 ον’σίας
458 1083 605 1171 όποίρχον
623 1081 885 1170 tractavimus,
917 1093 974 1154 καί
989 1092 1065 1170 μιᾶς
1079 1092 1163 1155 idid·
1253 1083 1266 1093 ’

60 1209 154 1273 sprec
183 1189 516 1279 inerlqprprdrosssui
541 1191 712 1254 ονσιίλίον
746 1188 994 1276 όποοοόρποιοόν
1020 1187 1057 1255 τό
1081 1188 1169 1274 πρός,

60 1291 231 1373 ἀοριστίαν
264 1294 340 1365 τίνος
375 1292 474 1374 οιίἤς
501 1295 692 1372 κεχυμένον,
730 1287 840 1366 duleis
884 1288 965 1356 ιιοιοὶ
1003 1288 1059 1356 τόν
1102 1291 1161 1356 oin·

24 1393 225 1474 1θθροόπινον
260 1395 333 1456 νοῦν
378 1395 527 1476 πειρᾶται
571 1393 630 1470 μὲν
681 1393 760 1456 ιιοίπί
802 1397 856 1478 τῆς
893 1391 1227 1478 όπιρηπλωμίνηςθε

63 1493 183 1578 ἐκείνης
207 1497 298 1566 θείας
321 1491 432 1568 οόοίοις
464 1489 520 1577 τὴν
540 1487 661 1558 Ιόαοιοό
683 1489 823 1580 φυσικὴν
852 1493 1090 1581 ἀποφαίνεσθαι
1112 1494 1162 1558 ιιί·

65 1696 182 1775 κρίνειν
200 1691 253 1758 καί
272 1695 414 1776 μερίζειν
443 1697 475 1770 ἐς
505 1691 680 1781 διαφόρους
712 1693 747 1760 τό
785 1691 818 1760 ἓν
850 1695 1067 1779 ἰόιοιρσπίας,
1095 1698 1165 1760 u'il'

65 1789 150 1877 ἔφθη
162 1795 239 1875 πρίν
257 1795 441 1875 δεδρακέναι
460 1793 575 1858 παθόν.
586 1798 727 1877 μερίζειν
740 1793 800 1880 γόρ
819 1795 1017 1878 ἐπειγόμενον
1037 1792 1166 1880 ἐπ’ίοης

29 1913 56 1968 15
65 1899 128 1970 ιοῖς
147 1885 257 1969 ἄλλοις
277 1898 331 1959 καί
353 1891 410 1980 τόν
436 1897 606 1980 α’μίριοιον
628 1891 748 1982 όιιιιίιγν
770 1901 825 1960 ιιαί
854 1898 947 1960 θείαν
964 1891 1088 1976 ον’σίαν,
1109 1895 1166 1960 λ’ί-

65 1999 140 2079 inde
163 1999 319 2060 ονοιαλὲν
341 1995 393 2059 ὑπ’
425 1997 543 2083 ἐκείνης
571 2000 626 2062 ιιαί
651 1997 730 2085 πρός
757 1997 872 2086 sorpsit·
902 1993 1052 2078 όμόνοιαν
1069 2019 1182 2090 orroe-¹

66 2095 165 2160 iduuv
187 2095 243 2162 τόν
265 2093 470 2179 καλυόννμόν
492 2121 525 2162 ιε
547 2101 602 2163 ιιαί
621 2097 868 2183 πολυπράγμονα
896 2092 1060 2182 μερισμόν.
1105 2099 1166 2162 ια’-

66 2195 156 2283 πειόὴ
181 2207 396 2285 περιγραφαῖς
418 2199 582 2280 ὀνομάτων
606 2201 625 2286 ἡ
649 2205 723 2266 θεία
747 2201 801 2265 καί
823 2199 1074 2286 όιιεριγπλοομίνη
1098 2197 1165 2287 φό-

67 2322 113 2374 σις
136 2303 241 2384 ἐκείνη
264 2301 427 2365 όοολεόειν
446 2302 503 2365 oria
525 2297 620 2389 οἷίεν,Ι
648 2297 724 2387 ridi
747 2301 928 2388 περιγραφή
954 2300 1162 2388 περιληπτική
1174 2319 1192 2376 t,
1205 2319 1256 2378 146
1266 2335 1294 2377 v,

29 2415 108 2478 torre
142 2405 265 2485 γίνεται
295 2403 351 2466 τοῦ
381 2401 590 2484 ὑποκειμένου
621 2405 761 2489 γνσόσις,
795 2403 854 2467 οιίι
876 2394 916 2466 όν
944 2421 1020 2466 ποτε
1042 2407 1165 2488 γίνοιτο

66 2501 205 2587 γνωστόν
223 2499 241 2565 ii
260 2507 297 2590 τῇ
320 2503 413 2594 σόοίρ
425 2507 566 2590 πίφοιιεν
583 2505 837 2592 α’περίγραπιον·
860 2507 893 2570 όν
906 2497 971 2591 ἄρα
987 2509 1042 2572 καί
1061 2499 1167 2590 dyvou-

67 2625 135 2668 οιον
157 2603 177 2688 ἢ
198 2607 272 2668 θεία
295 2603 393 2690 φύσις
417 2607 528 2692 ἐκείνη,
550 2604 606 2671 καί
624 2607 704 2690 ὑπὲρ
727 2605 828 2672 πάντα
844 2605 936 2690 λόγον
958 2609 1013 2672 ιιαί
1030 2605 1165 2688 ἔννοιαν,

68 2709 119 2769 ναί
153 2705 260 2770 πόσαι
288 2705 482 2792 Παλομιιιὴν
513 2710 722 2794 αἰισοιιομόνιγ
755 2710 946 2796 περιεργίαν.
999 2701 1070 2792 όγι
1100 2707 1166 2794 peris

70 2892 209 2960 multiplex
231 2899 258 2944 et
276 2869 446 2948 multiioimis
464 2895 561 2948 divisio
581 2893 686 2964 qualem
704 2910 792 2948 rerum
812 2895 976 2948 diversarum
991 2875 1166 2952 diverseffle.

72 2965 165 3017 rirutio
188 2965 366 3033 deductioque
385 2966 479 3030 eflicit,
500 2969 540 3018 vis
561 2967 633 3032 dico,
653 2975 679 3018 et
692 2968 764 3020 vitae
784 2975 811 3019 et
830 2966 993 3020 efficientiae
1014 2977 1040 3022 et
1058 2969 1165 3023 luminis

73 3041 98 3086 et
117 3035 268 3103 sapientiae
288 3044 314 3087 et
331 3033 432 3102 talium,
453 3038 600 3104 simplicem
620 3045 647 3089 et
665 3039 723 3105 ipsa
742 3040 793 3090 iam
816 3043 843 3089 et
866 3037 1024 3092 uniformem
1043 3041 1165 3106 proiecto

73 3120 172 3158 cursum
193 3107 220 3157 in
240 3105 440 3160 ilio‘veritatis
469 3125 561 3177 campo
588 3110 719 3162 decurrat.
766 3111 980 3178 circumscriptus
1009 3120 1078 3164 enlm
1106 3111 1166 3165 linis

74 3179 174 3245 quidum
195 3179 325 3246 cuiusque
338 3181 472 3231 essentiae
491 3187 636 3249 suppetens
652 3182 775 3250 quodque
790 3189 830 3233 est
843 3195 938 3233 nomen
954 3183 1023 3251 quud
1044 3191 1072 3236 et
1088 3199 1166 3236 uuam

72 3251 259 3316 proprietatem
280 3251 351 3316 cepit
370 3255 397 3301 et
414 3267 573 3321 quocunque
593 3253 671 3304 modo
691 3253 826 3320 componit
838 3267 906 3321 quoe
926 3253 1063 3306 indefinito
1084 3255 1167 3308 eiluss

74 3327 138 3384 suut,
158 3320 317 3388 simpliciter
339 3323 484 3374 secundum
512 3323 646 3377 hominum
667 3321 883 3393 intelligentiam.
931 3335 1043 3378 conetur
1062 3327 1167 3395 quidem

75 3393 146 3442 etium
167 3391 195 3443 iu
215 3391 412 3459 simplicissime
432 3393 480 3444 illa
503 3395 620 3446 essentia
644 3393 735 3447 divina
753 3396 898 3446 motionem
927 3411 999 3449 suam
1019 3399 1167 3452 naturalem

75 3461 206 3515 tleclsrare
222 3469 262 3521 ,et
291 3465 332 3515 vis
352 3465 447 3516 insitae
472 3473 607 3529 naturam,
628 3465 687 3517 dico
708 3466 777 3518 enim
799 3463 884 3529 illud,
903 3467 974 3535 qued
992 3467 1122 3522 discernit
1141 3476 1168 3521 et

75 3533 163 3586 dividit
192 3539 272 3586 un'unr
299 3533 326 3586 in
355 3533 476 3588 diversas
497 3535 694 3607 proprietates,
715 3537 762 3588 sed
783 3537 935 3606 priuiquom
964 3539 1054 3590 eiieeit
1072 3541 1167 3592 affecta

76 3612 119 3666 est,
140 3621 198 3657 eum
214 3607 282 3656 enim
303 3605 423 3658 dividere
442 3608 561 3660 studeret
575 3623 661 3675 aeque
681 3609 779 3659 ceteris
794 3608 872 3658 etium
888 3609 1028 3661 indivisam
1046 3609 1120 3663 iilam
1141 3617 1168 3663 et

75 3673 183 3728 divinam
203 3678 356 3742 essentiam,
377 3677 445 3746 iugit
463 3675 529 3730 iilud
548 3695 608 3730 esse
633 3679 665 3730 ab
686 3677 734 3730 illa
753 3679 937 3744 compositum,
958 3681 1029 3731 etin
1050 3697 1166 3735 concor.

76 3746 136 3798 diam
153 3743 354 3816 intelligibilem
375 3751 541 3802 contraxisse
554 3743 714 3802 divisionem
733 3751 839 3800 uomina
859 3749 1048 3816 impedientem
1068 3761 1095 3806 et
1117 3769 1165 3806 oc.

77 3821 274 3884 euputisrimanr,
296 3827 321 3871 et
341 3819 464 3890 quonism
485 3821 775 3888 circumscriptionibus
788 3822 924 3872 nominum
943 3822 1034 3876 divina
1053 3825 1165 3880 elsim.

78 3887 217 3952 plicissims
235 3899 329 3942 natura
348 3891 396 3944 ille
416 3893 549 3945 inservire
568 3895 670 3958 nescit,
690 3893 901 3960 circumscriptio
924 3903 1011 3946 autem
1033 3895 1166 3969 colligent

78 3968 113 4010 est
131 3962 261 4030 suppositi
286 3961 422 4031 cognitio,
450 3979 503 4016 non
525 3973 614 4031 potest
641 3963 769 4034 cognosci
795 3965 994 4032 quodpropter
1023 3972 1167 4023 essentiam

77 4045 125 4082 non
143 4039 183 4087 est
204 4033 440 4101 circumscriptum.
478 4037 650 4103 unumigitur
671 4044 697 4088 et
717 4036 882 4104 incognitum
903 4045 944 4088 est
962 4036 1053 4092 diuina
1073 4049 1167 4094 natura

78 4099 128 4166 ills,
149 4115 174 4158 et
193 4116 272 4171 supra
291 4121 394 4157 omnem
409 4105 588 4159 delinitionom
604 4117 630 4159 et
648 4105 853 4176 intelligentiam
867 4113 894 4159 et
912 4123 1043 4177 respuens
1062 4127 1166 4163 omnem

80 4169 229 4228 l’ulamieam
250 4177 441 4241 curiositatem,
462 4179 533 4245 quod
552 4181 679 4248 cognosci
699 4193 714 4230 u
732 4177 809 4230 nobis
824 4185 913 4246 potest
929 4183 957 4232 in
976 4182 1025 4234 dee
1046 4183 1103 4234 eius
1123 4181 1167 4233 el.

81 4239 194 4303 tristitiis·
218 4253 245 4300 οι
264 4245 381 4312 stritus,
408 4257 476 4317 querc
498 4253 627 4318 spuerent
649 4257 676 4304 ct
695 4249 781 4306 luctae
807 4258 884 4320 suut,
908 4253 935 4310 id
953 4251 1030 4308 uelis
1050 4251 1166 4310 inuicem
