2872 4780
251 237 323 322 tot
548 249 772 318 mearuoar
803 245 1032 318 cascoasu
1064 220 1066 228 ’

183 420 186 426 ’
248 416 304 482 καί
324 417 386 482 τόν
407 415 555 480 έναντίων
576 403 674 488 αὖθις
693 411 877 496 όπερτίροις
904 413 1050 495 γίνεσθαι
1071 411 1258 475 καθιστάτω.
1300 407 1351 476 καί

197 549 200 554 ·
250 518 302 584 ἵνα
323 515 398 594 τοός
418 515 515 579 πάλαι
537 512 769 594 καταλίπωμεν,
793 508 854 594 όρα
877 535 932 590 μοι
948 514 1192 576 Κωνσταντῖνον
1216 508 1272 575 τόν
1293 515 1350 593 μί-

249 641 308 700 γαν
337 621 371 682 έν
403 614 609 699 βασιλεῦσιν,
646 605 671 702 ᾧ
701 613 736 678 τό
772 618 835 678 τεόν
857 611 1077 733 ψευδωνύμων
1111 613 1208 694 σέβας
1231 611 1277 685 εἰς
1297 613 1350 676 τόν

250 717 357 816 diade}
376 717 593 800 μετενεγκόντι
615 713 692 779 θεόν
712 709 908 790 πλείονος“
887 743 905 800 η
941 711 1022 777 κατά
1050 710 1171 787 πάντας
1191 710 1267 787 τούς
1291 709 1350 792 πρό

249 819 352 882 αότοό
376 817 528 902 βασιλέας
564 807 783 900 άρξαιγέγονε
811 821 877 900 γῆς·
930 816 1010 879 ἄλλα
1045 822 1108 889 τοῖς
1138 822 1206 932 μετ’
1236 814 1373 876 sacriora

249 919 351 997 εόθός
373 913 491 1001 άρξασί
507 943 541 982 τε
564 943 616 982 και
612 919 823 1000 ἀρξαμένοις
840 915 897 994 τός
919 913 1056 999 αιρὲσεις
1072 913 1149 980 κατό
1166 939 1236 979 τιον
1257 918 1351 978 θείων

250 1017 414 1104 δογμάτων
436 1017 575 1102 εἰσάγειν
599 1023 655 1102 τῆς
671 1023 814 1100 πίστεως,
839 1021 893 1082 καί
912 1014 987 1082 θεὸν
1009 1011 1205 1100 ε’πιορκείν“
1186 1040 1223 1079 σν
1244 1006 1352 1098 άκροις

249 1117 387 1207 ἔφασκον
411 1123 516 1202 σέβειν
530 1128 593 1195 τοῖς
603 1121 752 1200 χειλεσιν,
774 1115 874 1193 aalide
897 1121 951 1182 καί
971 1116 1006 1182 τό
1025 1121 1079 1200 τῆς
1100 1117 1204 1198 α’ρχῆς
1231 1116 1350 1198 έκείνιγς

249 1221 311 1286 όπό
344 1223 408 1286 τάν
435 1221 564 1305 ’ἐχθράν
590 1208 693 1305 ἠρέμα
716 1224 771 1285 καί
798 1218 878 1292 κατά
905 1217 1018 1304 μικρὸν
1041 1221 1237 1304 ζημιοῦσθαι
1258 1217 1353 1279 συνέ-

247 1327 339 1404 βαινε
361 1327 506 1406 μέγεθος.
1362 1342 1388 1394 10

184 1425 238 1484 ⁸0
344 1421 432 1490 'All'
463 1418 490 1483 ό·
510 1421 630 1507 μακρός
652 1425 818 1503 ’ἐπιλείψει
848 1446 889 1502 με
918 1419 1031 1506 χρόνος
1064 1421 1209 1484 παλαιάν
1242 1442 1278 1483 τε
1302 1415 1355 1482 καί

249 1526 328 1589 νέων
348 1522 583 1605 ὑποδειγμάτων
604 1527 786 1607 μεμνῆσθαι
809 1522 889 1605 πρός
909 1523 964 1606 τόν
991 1523 1053 1587 τεόν
1075 1523 1250 1606 εἰρημένων
1273 1517 1355 1604 α’λά-

249 1630 343 1690 θειαν
363 1627 505 1690 θέλοντα.
548 1629 643 1690 τοῦτο
663 1626 744 1690 όόό
759 1626 841 1689 πάνυ
862 1652 891 1690 τι
913 1633 1092 1706 συγχωρεῖν
1112 1621 1168 1706 τόν
1188 1625 1246 1704 τῆς
1267 1619 1355 1688 ἱστο-

251 1747 323 1806 ριας
353 1721 521 1810 ἁπλότητα.
577 1725 626 1788 όιό
667 1735 732 1800 τοῖς
768 1721 915 1810 ῥηθεῖσιν
943 1727 1040 1788 έκεῖνο
1065 1721 1163 1804 μόνον
1197 1725 1354 1802 προσθείς

250 1823 482 1914 άπαλλάξομχαι.
526 1832 646 1908 μαθεῖν
666 1823 726 1909 γάρ
741 1823 900 1909 έζρτὴκεις
922 1825 977 1889 καί
997 1817 1162 1898 insessio
1184 1825 1354 1906 προσεχεῖς
1365 1849 1388 1900 15

248 1929 304 2014 τῆς
327 1929 438 2000 κακιάς
460 1928 568 1992 αἰτίων
588 1925 750 2010 ἀρχόντων
773 1919 886 2008 ἥκιστα
915 1922 1101 2008 πασχόγιων
1122 1925 1234 2007 ἐνίοτε,
1256 1924 1355 2003 μόνον

250 2025 462 2109 πολυτρόποις
492 2029 672 2092 όαπανόται
708 2023 825 2094 πάθεσι
855 2024 890 2090 τό
914 2024 1065 2109 όπὴκοον,
1087 2024 1208 2110 μικράν
1230 2023 1312 2100 ἴσως
1338 2018 1355 2108 ἢ

249 2125 408 2212 μιγόεμίαν
435 2121 547 2211 ἑτέραν
578 2131 893 2210 συνεισενεγκάμεναν
925 2128 961 2191 τό
996 2126 1149 2212 παράπαν
1179 2123 1264 2208 πλὴν
1296 2130 1356 2188 τοῦ

131 2263 141 2298 ·,
249 2229 427 2292 συνειδέναι
448 2232 503 2293 καί
523 2238 786 2311 συμπαρανομεῖν
817 2227 871 2293 όιά
896 2227 1009 2315 φόβον.
1065 2228 1215 2312 φαίνεται
1246 2231 1355 2290 τοίνυν

250 2323 293 2404 σός
315 2351 349 2409 γε
372 2330 434 2394 τῶν
456 2325 554 2403 πάλαι
574 2334 693 2412 βίβλων
716 2327 749 2394 αἱ
771 2335 897 2405 πλείους
926 2329 965 2392 οό
985 2325 1104 2412 μικρός
1124 2329 1267 2393 συνιέναι
1291 2349 1391 2404 aro-po

249 2435 365 2516 ρέσχον
394 2429 451 2508 τάς
472 2423 642 2516 άφορμάς,
675 2431 731 2495 καί
758 2425 826 2514 όμα
854 2433 873 2516 ἡ
894 2431 1023 2516 χρόνιος
1056 2429 1144 2512 ἧμιόν
1169 2423 1255 2502 ὅπως
1276 2431 1354 2492 ποτὲ

248 2531 393 2594 πέπεικεν
420 2532 586 2618 ἐμπειρίαι,
617 2533 660 2607 τός
691 2523 736 2608 οἷς
765 2535 827 2596 τῶν
856 2529 1013 2617 ἡγεμόνων
1042 2529 1123 2614 μήτε
1155 2533 1219 2594 πᾶν
1239 2526 1274 2594 τό
1299 2533 1355 2614 τῆς

249 2632 354 2715 αἰτίας
376 2625 522 2716 ἄντικρυς
546 2633 669 2698 α’νείται
689 2635 723 2708 ές
743 2637 865 2698 κακίαν
880 2631 1057 2716 ἐνδόσιμον,
1075 2641 1146 2708 ταίς
1167 2655 1201 2698 τε
1223 2655 1356 2718 συμφο-

247 2943 298 2998 λιαι
319 2951 403 2996 erant.
445 2953 526 3014 atque
554 2953 584 2998 ut
614 2953 708 2999 vetera
738 2945 887 2997 omittamus
913 2943 1114 2999 Constantinum
1132 2943 1256 3014 llagnum
1282 2947 1354 2999 inter

248 3017 424 3083 imperatores
445 3018 618 3083 consideres,
637 3031 754 3085 quaeso,
774 3019 833 3081 cui,
853 3031 932 3084 quum
952 3015 1050 3068 cultum
1069 3016 1194 3080 deorum,
1217 3031 1271 3085 quo
1290 3009 1353 3086 qn'i-

248 3085 306 3140 dem
325 3089 433 3140 nomino
452 3103 592 3156 perperam
621 3088 857 3173 nuncupabantur,
886 3088 1029 3139 adrerum
1058 3088 1135 3139 deum
1157 3087 1350 3154 transtulisset,

247 3160 371 3228 contigit,
390 3167 422 3210 ut
439 3161 612 3228 ampliores'
604 3161 709 3227 imperii
729 3161 795 3211 lines
814 3173 890 3226 quam
910 3175 1001 3210 omnes
1020 3167 1083 3211 ante
1101 3175 1159 3211 eum
1174 3160 1351 3226 imperatores

246 3229 298 3283 sibi
316 3231 473 3282 vindicaret.
511 3231 713 3297 imperatoribus
733 3237 893 3297 autempost
914 3246 983 3294 eum,
1003 3231 1048 3299 qui
1072 3230 1268 3283 haereticorum
1288 3234 1350 3299 opi.

246 3301 344 3353 aiones
364 3302 391 3352 in
410 3299 501 3353 divina
519 3301 580 3353 lidei
599 3303 721 3385 dogmata
747 3301 874 3353 inducero
902 3303 1054 3370 deumque,
1075 3317 1152 3370 quem
1171 3318 1202 3353 se
1222 3304 1349 3355 extremis

248 3371 332 3424 labris
351 3371 443 3423 colere
463 3372 595 3438 dicebant,
616 3373 739 3440 peierare
758 3373 933 3440 incipiebant,
955 3373 1042 3426 statim
1054 3373 1208 3442 magnitudo
1228 3373 1306 3425 illa'
1297 3391 1350 3425 ran-

246 3443 316 3518 perii
335 3443 368 3496 ab
387 3441 508 3496 hostibus
527 3443 626 3496 sensim
645 3444 837 3514 paullatimque
856 3444 1094 3496 diminuebatur.

347 3539 400 3593 Sed
419 3537 528 3610 longum
547 3547 650 3609 tempus
669 3556 711 3592 me
729 3542 867 3606 deiiceret,
887 3543 910 3593 si
928 3550 1021 3594 vetera
1041 3549 1068 3593 et
1086 3543 1207 3593 recentia
1226 3543 1351 3610 exempla

133 3639 135 3644 ·
246 3613 279 3666 ad
298 3614 439 3665 vamtatem
458 3613 588 3665 dictorum
617 3613 820 3666 confirmandam
844 3578 967 3680 plolerre
985 3611 1102 3678 vellem,
1130 3613 1157 3666 id
1176 3613 1248 3682 quod
1266 3615 1348 3665 etiam

228 3683 327 3752 plane
345 3684 379 3736 ab
400 3684 528 3736 historiae
549 3684 722 3751 simplicitate
742 3684 859 3738 alienum
886 3693 966 3737 esset.
1014 3698 1097 3753 quare
1117 3683 1170 3735 boc
1188 3692 1287 3736 tanturn
1307 3685 1350 3738 di-

247 3757 297 3806 ctis
315 3755 407 3806 addam
426 3756 586 3824 diceudlque
613 3756 692 3808 linem
722 3755 825 3808 luciam.
870 3771 1036 3824 cognoscere
1061 3756 1129 3806 enim
1148 3756 1256 3820 studes,
1278 3771 1350 3824 quo-

245 3825 324 3877 modo
345 3825 398 3890 liat,
418 3835 458 3890 ut,
476 3842 555 3894 qaum
568 3828 754 3895 imperatores,
777 3827 1037 3906 quamviscoutinuo
1057 3825 1233 3892 improbitatis
1254 3836 1350 3878 aucto-

246 3911 292 3948 res
312 3897 373 3959 sint‚
392 3899 500 3950 minima
518 3905 606 3950 tamen
626 3898 695 3951 mala
714 3899 844 3952 interdum
864 3889 1013 3967 patiantur,
1039 3897 1179 3950 subiecti'
1172 3899 1206 3949 iis
1226 3898 1350 3950 homines

246 3932 439 4034 multiplicibus
456 3969 650 4024 calamitatibus
670 3969 867 4034 conflictentur,
886 3969 951 4022 licet
969 3984 1077 4055 parvam
1093 3969 1206 4020 fortasse
1218 3977 1266 4021 aut
1282 3969 1351 4020 nul.

248 4037 301 4091 lam
320 4039 399 4090 aliam
419 4040 524 4108 culpam
552 4040 705 4107 attulerint,
724 4043 776 4094 nisi
802 4007 873 4110 quob
892 4043 994 4093 conscii
1021 4048 1096 4092 erant
1123 4048 1150 4092 et
1167 4049 1240 4094 metu
1260 4041 1351 4092 coacti

249 4109 318 4162 socii
335 4111 520 4178 improbitatis.
570 4121 600 4164 ut
618 4114 700 4179 igitur
726 4113 801 4166 multi
828 4120 949 4164 aeterum
979 4111 1108 4164 librorum
1126 4111 1276 4164 adiumenta
1295 4125 1351 4162 aon

249 4182 348 4252 aalma
376 4183 408 4236 ad
433 4185 491 4238 olas
518 4185 558 4236 rel
585 4186 767 4254 cognitionem
792 4183 870 4238 nobis
888 4183 1036 4240 attuleruut
1061 4192 1088 4237 et
1112 4184 1236 4238 diuturna
1259 4191 1352 4237 nostra
