2898 4790
162 271 382 375 susumus
408 307 669 380 ermentrude
685 313 837 382 mm.
858 297 1043 402 17-20.
1113 309 1190 384 ιον

92 495 156 536 στα
177 467 212 536 τό
244 472 300 554 τῆς
319 471 539 555 Μασαλιανῆς
572 469 727 557 αἱρέσεως
757 475 914 559 μυσαρόν.
967 477 1039 544 ἀλλ’
1073 479 1190 556 ittam
1201 496 1256 550 10

91 573 156 654 μὲν
184 575 303 638 τοιαῦτ’
332 571 465 656 εἰρηκιός
486 595 520 638 τε
548 571 615 656 ἅμα
651 574 707 639 καί
734 574 908 658 πεπραχώς
930 577 1041 664 πόρρω
1061 579 1191 656 κανόνος

92 672 153 737 καί
173 675 272 756 νόμου
293 674 418 750 παντός,
442 671 583 754 δέδειχεν
612 672 723 754 ἔνοχον
745 667 859 740 ἑαυτόν
887 676 994 764 ἀληθῆ
1015 682 1061 766 τῷ
1080 681 1190 764 ἐγκλή-

90 798 184 858 ματι.
239 777 329 840 τοῦτο
358 772 420 860 γὰρ
442 775 497 839 καί
526 781 592 851 τοῖς
613 776 799 852 ἐπισκόποις
835 777 994 844 ἀκουσδδν
1026 780 1082 848 καί
1103 779 1191 866 crispi

60 878 230 957 δβασιλεῖ
251 875 402 940 δέδοκταί
417 899 451 940 τε
470 875 526 941 καί
547 875 782 962 ἀποπέφανται.
815 875 885 942 δέον
899 875 967 964 ’γάρ
988 877 1086 946 αἰτόν
1104 883 1189 964 δαρ-

90 984 167 1062 ρεῖν
199 979 254 1042 καί
289 982 344 1061 τῆς
379 977 467 1061 δίκης
489 976 566 1042 edet
586 985 708 1062 χωρεῖν
739 978 797 1043 καί
820 981 922 1062 ζητεῖν
950 979 1022 1055 roric
1040 980 1192 1066 έλέγχους

94 1078 155 1142 καί
176 1075 219 1153 dg
234 1081 367 1158 ψευδεῖς
379 1075 435 1154 τὰς
459 1082 651 1165 κατηγορίας
672 1079 820 1165 ἐλέγχεα,
843 1079 931 1167 εἰπερ
948 1081 1035 1170 adegi
1050 1106 1089 1167 γε
1110 1083 1191 1166 ἐνῆν,

91 1173 115 1240 δ
138 1179 170 1241 δ’
191 1179 345 1263 ἐμφανῶς
369 1178 588 1263 φυγοδικὴσας
602 1181 657 1246 ὲπί
676 1179 734 1256 τοὶς
750 1180 888 1258 ἀτόπους
906 1187 1064 1270 κατέφυγε
1085 1184 1192 1248 λοιδο-
1311 1253 1314 1258 Δ

95 1280 181 1362 ρίας,
202 1275 312 1362 οἵσπερ
333 1276 455 1355 εἰώθει,
479 1281 534 1344 καί
552 1279 624 1356 τοὺς
643 1280 738 1345 οὐδὲν
755 1280 841 1368 αὐτῷ
859 1285 1085 1360 συντελοῦντας
1110 1283 1191 1370 ἀφο-
1202 1286 1222 1340 i·
1233 1284 1285 1342 266
1296 1301 1321 1339 a·

39 1391 84 1446 10
95 1374 235 1460 ρισμοδς
254 1375 299 1454 eir,-
319 1381 376 1462 τῆς
397 1379 570 1464 ἐνεστώσης
593 1381 746 1464 αἰσχύνης
767 1381 983 1466 προκάλυμμα
1014 1384 1070 1449 κκί
1090 1384 1193 1470 τρόσ·

94 1500 212 1562 καιρον
235 1475 404 1564 ἀποφυγήν
424 1480 481 1560 τῆς
504 1479 650 1564 ἀνάγκης.
705 1483 759 1548 έπί
792 1480 831 1567 δὴ
861 1482 983 1558 τούτοις
1004 1479 1194 1568 δεδογμένον
1257 1527 1261 1535 =

93 1581 196 1656 ἐνίοις
214 1583 276 1644 τῶν
293 1579 476 1644 ἐπισκόπων
498 1582 631 1667 κατέστη
652 1592 722 1660 ταῖς
737 1584 858 1659 ἀδίκοις
875 1585 996 1650 ἐκεινου
1017 1585 1193 1670 λοιδορίαις

95 1681 244 1760 καὶτοῖς
266 1680 460 1766 ἀφορισμοῖς
482 1681 627 1759 δικαίους
648 1683 833 1761 ἀντιθεῖναι,
856 1684 914 1750 καί
935 1684 1125 1772 καθαιρέσει
1142 1707 1193 1750 τε-

96 1781 171 1870 λείρι
192 1779 414 1866 παραπέμψαι
443 1777 497 1844 τόν
529 1779 668 1866 ἄσεμνον
690 1787 808 1850 ἐκεῖνον
835 1785 890 1849 καί
909 1788 952 1872 τῇ
974 1786 1120 1875 ἀσελγείᾳ
1140 1788 1195 1870 τῆς

44 1891 85 1946 15
95 1881 236 1965 γλιίττης
259 1881 311 1946 ἀεί
331 1883 643 1966 ἑγκαλλιοπιζόμενον
659 1888 781 1968 μᾶλλον
802 1880 823 1969 ἢ
845 1885 1084 1968 αἰσχυνόμενον.
1128 1883 1195 1948 ἀλλ’

93 1980 149 2048 δτι
170 1981 215 2066 μὴ
236 1983 292 2048 καί
309 1984 442 2064 βασιλεῖ
470 1985 658 2068 δεδογμένον
685 1989 766 2050 τοῦτ
795 1981 834 2070 ἦν
855 1985 1042 2070 ματαιότητι
1063 1986 1118 2052 καί
1138 2009 1194 2068 νη-

97 2082 213 2150 πιαίδει
232 2083 340 2171 μωρίη
362 2081 417 2168 τὴν
438 2080 511 2167 ἴσην
543 2083 703 2150 ἀντίδοσιν
733 2089 823 2172 δρᾶν,
857 2090 890 2152 ἐν
910 2086 1057 2171 μετεεόρρ
1079 2082 1120 2150 τό
1139 2085 1195 2167 τῆς

97 2184 190 2268 δίκης
213 2183 419 2268 ἀποκέκριται
447 2183 546 2268 μέχρι
575 2189 630 2269 τῆς
650 2189 718 2271 {suiv
750 2187 992 2272 προκληδέιτων
1014 2183 1195 2252 ἐπισκόπων

99 2283 262 2367 ἕνδημίας.
287 2280 305 2348 δ’
317 2305 352 2366 γε
373 2281 437 2366 μὴν
459 2284 662 2368 πατριάρχης
680 2284 810 2361 τάςτοδν
825 2287 980 2352 πλείστων
1004 2283 1194 2370 δυσφήμους
1205 2295 1261 2348 w

45 2395 87 2454 2⁰
99 2383 331 2466 αἰσχυνόμενος
356 2382 475 2462 ἀκοάς,
505 2383 588 2472 οἴκοι
608 2385 642 2450 τὰ
666 2388 820 2472 παράπαν
844 2387 993 2472 ἀπρόιτος
1015 2385 1117 2468 έμοινε
1139 2384 1195 2448 τοῦ

6 2497 7 2500 ’
96 2485 232 2560 λοιποῦ,
270 2483 415 2560 ἀπειλαῖς
450 2485 677 2570 παραπέμπων
706 2485 746 2550 τά
775 2490 930 2570 μέλλοντα
957 2485 1109 2552 πλείοσιν.
1150 2485 1195 2548 οἰδ

96 2583 160 2670 γὰρ
183 2583 284 2667 λέγειν
305 2580 368 2649 ὅσα
381 2586 422 2669 τῇ
444 2584 583 2669 δυσηνιίγ
605 2579 722 2650 ἑαυτοῦ
740 2586 859 2673 γλιόττη
880 2585 1121 2671 παραδεδωκὼς
1139 2583 1195 2669 ’την

96 2683 245 2751 dirivetur
279 2683 469 2768 ἔξηρεδξατιί
495 2706 529 2748 τε
556 2685 612 2751 καί
651 2687 872 2774 λελοιδόρηκεν
902 2683 1037 2769 ἄσεμνα.
1089 2683 1196 2770 γέγονε

99 2988 186 3042 sisset
213 2991 240 3038 et
268 2985 402 3040 effecisset
421 2993 513 3039 contra
543 3001 673 3042 canonum
699 2995 727 3038 et
752 2986 841 3056 legum
870 2988 985 3042 σκοτίοιο
1003 2989 1198 3056 suetoritatem,

99 3061 159 3126 ipse
185 3072 283 3109 revera
307 3073 337 3109 se
362 3057 480 3142 crimigis
506 3059 615 3109 noxium
641 3059 807 3110 monstrarit.
858 3057 938 3126 idque
966 3059 1100 3126 episcopis
1119 3061 1197 3114 etism

101 3144 181 3198 quum
200 3128 339 3180 audissent
360 3135 387 3180 et
405 3129 455 3196 ipss
475 3130 534 3196 regi
555 3130 591 3179 itu
612 3129 754 3182 manifesto
773 3129 859 3182 visum
877 3137 936 3195 est,
955 3129 1117 3182 necessitate
1138 3145 1197 3182 eum

101 3207 222 3252 coactum
242 3199 362 3250 fiduciam
383 3199 432 3252 sibi
451 3215 557 3251 sumere
580 3207 606 3250 et
624 3201 749 3252 iudicium
764 3200 838 3253 velie
858 3201 976 3268 effugere
996 3208 1024 3253 et
1042 3201 1197 3268 excogitare

90 3269 255 3340 opprobria,
276 3277 302 3320 et
314 3269 445 3338 quomodo
457 3269 525 3322 falsa
536 3269 587 3324 sibi
606 3272 716 3322 crimina
728 3271 798 3324 fecte
818 3287 878 3324 essa
888 3285 1038 3340 coarguere
1047 3279 1148 3338 posset,
1170 3279 1197 3324 et

99 3345 140 3395 sic
156 3341 300 3392 manifesto
316 3355 374 3392 cum
386 3347 414 3392 ut
425 3341 550 3392 iudicium
563 3343 724 3394 detrectaret
735 3345 767 3396 sd
777 3343 902 3396 absurdas
921 3343 1031 3396 iniurias
1050 3341 1198 3412 coniugcre

100 3423 127 3466 et
141 3412 173 3464 ad
188 3427 262 3463 cassa
280 3419 306 3464 ct
319 3426 387 3462 sena
403 3411 544 3464 schismata
562 3428 630 3480 quae
641 3429 729 3465 novae
741 3415 823 3482 ipsius
837 3413 999 3481 ignominiae
1012 3422 1134 3482 tanquam
1146 3429 1198 3466 ve-

98 3483 191 3540 lamini
206 3489 306 3545 essent,
324 3489 351 3532 et
365 3483 460 3552 quibua
472 3492 645 3550 opportunam
658 3485 869 3552 haberetdugsm
880 3486 1059 3537 necessitatis.
1080 3498 1197 3552 quopro-

98 3563 159 3624 pter
168 3551 306 3604 nonnullis
318 3554 452 3622 episcopis
470 3554 618 3618 visumst,
633 3555 738 3606 iniustis
756 3557 812 3608 eius
825 3553 976 3624 opprobriis
988 3564 1015 3607 et
1025 3553 1199 3606 chismatibus
1308 3613 1313 3624 ,

98 3629 168 3678 insta
179 3637 316 3690 opponere
329 3639 442 3692 cumque
453 3626 552 3694 quippe
563 3631 613 3676 tem
628 3625 774 3692 improbum
788 3634 814 3676 et
826 3628 977 3678 temeritate
988 3623 1097 3696 linguae
1108 3625 1196 3676 conti.

98 3710 153 3748 nuo
167 3709 246 3760 supra
258 3709 361 3745 omnem
374 3695 500 3762 pudorem
513 3695 721 3762 superbientem,
732 3711 763 3747 es
775 3697 839 3748 sede
849 3712 895 3748 sua
913 3703 968 3746 tots
982 3688 1129 3762 depcli'ere.
1149 3697 1196 3750 sed

98 3781 178 3836 quum
198 3779 252 3815 non
271 3765 329 3834 regi
350 3766 434 3816 visum
455 3773 545 3830 esset,
565 3767 641 3818 venis
662 3767 783 3818 conriiiis
812 3775 838 3818 et
858 3765 956 3834 puerili
976 3767 1127 3818 dementiae
1145 3783 1198 3836 ps.

97 3853 154 3891 rem
177 3835 320 3886 antidotum
339 3851 486 3902 oppuncre‚
506 3836 632 3888 iudicium
651 3853 807 3904 suspensum
824 3835 983 3894 dilatabatur
1001 3837 1087 3890 donec
1108 3841 1197 3892 vocati

97 3907 218 3974 episcopi
243 3907 443 3960 convenissent.
489 3907 640 3974 patriarcha
669 3909 751 3976 igitur
777 3925 855 3976 quum
884 3915 935 3960 tam
965 3907 1108 3960 multorum
1138 3925 1196 3962 euos

96 3977 298 4032 maledictorum
312 3978 434 4046 puderet,
455 3977 525 4028 domi
544 3993 574 4030 se
589 3978 721 4030 continuit
740 3993 788 4045 per
807 3978 939 4048 reliquum
952 3986 1066 4048 tempus,
1089 3981 1195 4032 omnino

95 4047 240 4118 negligens
267 4049 427 4100 minationes
452 4063 550 4116 easque
569 4047 725 4114 repeiiens3
753 4051 828 4100 mitto
848 4049 917 4102 enim
938 4050 1045 4116 dicere,
1065 4051 1196 4120 quomodo

97 4123 120 4172 is
139 4126 253 4170 mentem
273 4133 345 4172 susm
365 4118 508 4170 indomitae
523 4117 632 4188 linguae
650 4121 817 4173 concesserit
835 4129 862 4173 et
881 4119 932 4172 hoc
947 4121 1026 4174 modo
1045 4122 1196 4188 turpissims

99 4189 261 4244 cructsrerit
287 4196 314 4242 st
337 4187 479 4246 meledicta
505 4187 664 4260 profuderit.
702 4198 761 4246 orta
778 4197 866 4247 auten
886 4199 927 4246 est
946 4193 1054 4250 comitti
1068 4191 1192 4264 peruris.
