2848 4784
169 236 392 342 ennomus
418 258 823 342 amntuutttnxxu
845 243 1032 332 at-at.
1094 253 1172 338 νῖν

70 431 131 498 καί
152 432 320 501 σνοτειννόν
342 429 443 512 λύμαν
464 427 520 492 καί
535 425 729 508 αἰνιγμάτων
750 426 1023 510 προενηνεμμόνης,
1046 421 1088 500 uic
1106 447 1172 506 stp-

67 535 126 601 δόν
147 527 430 616 ἀναμφισβήτητον
446 523 527 597 εἶναι
550 532 658 608 λαβεῖν
676 530 708 604 ἐξ
730 525 826 608 αὐτῆς
851 523 905 590 τόν
929 523 1095 590 αἰιούοντα.
1118 523 1171 593 διό
1281 572 1286 584 ,

69 635 149 717 perir
170 635 274 700 ταῦτα
296 628 386 714 ‚adrui
416 631 542 698 σιωπᾶν
578 626 756 712 ἐβουλόμην
785 623 885 702 αύτός
916 626 1077 694 ἐνταυθοῖ.
1121 622 1175 690 καί

69 733 118 818 μη
142 731 242 815 μόνον
268 735 308 796 δι’
330 725 352 796 ii
373 730 719 815 προαπηριθμησόμην,
743 723 846 812 ότιμὴ
870 727 925 798 καί
944 717 1048 792 iiiior
1069 726 1172 810 δήπου

41 835 232 906 emissenus
254 831 356 902 iruna.
400 835 454 902 καί
482 829 543 914 peip
568 830 646 896 ἔνιοι
664 831 723 911 μὲν
753 831 912 915 σαφηνείφ
931 827 1071 918 γλώττης
1095 825 1192 892 ἔνιοι.

67 939 104 1002 δ’
128 931 240 1020 ἥκιστα
259 937 439 1018 κέχρηνται,
463 937 519 1000 καί
538 933 569 996 εἰ
589 957 633 1016 μη
657 938 727 1006 ταῖς
748 931 894 1010 ἐννοίαις,
917 930 985 994 ἀλλ’
1006 919 1062 993 ούν
1080 931 1119 1014 τῇ
1137 949 1173 1010 με

66 1039 156 1116 λέξει
189 1033 245 1102 κατ’
276 1036 319 1120 τῷ
351 1035 406 1116 τῆς
434 1031 585 1118 φρόσεοος
617 1029 757 1116 σχήματι
788 1033 993 1116 διενηνόχθαι
1025 1029 1173 1094 δοκοῦσιν

70 1137 209 1218 ἐνιαχοῦ
236 1126 302 1210 τοῖς
335 1135 472 1214 όμαθεός
501 1157 533 1199 τε
565 1133 620 1200 καί
646 1134 812 1214 ἐριστικούς
843 1139 913 1206 ταῖς
934 1138 1077 1215 γραφαῖς
1098 1127 1175 1208 titu-
1215 1173 1220 1186 ·
1259 1171 1266 1184 ι

70 1239 195 1304 λοῦσιν.
217 1237 275 1306 καί
295 1227 397 1312 ἄλλους
410 1240 469 1316 μὲν
486 1227 533 1312 οἷς
554 1233 593 1300 τό
617 1235 690 1316 περὶ
711 1231 825 1301 τούτου
849 1234 916 1307 πυός
934 1235 994 1314 μὲν
1014 1228 1237 1314 iptorum-n

28 1340 143 1416 ωζειν
166 1339 232 1414 πυός
253 1338 284 1401 δ’
307 1335 503 1418 α’ναμαμιιιόν
524 1361 595 1402 τινα
626 1339 726 1420 λέγειν
746 1327 864 1418 τρόπον
884 1331 940 1399 καί
961 1325 1174 1418 όλλημορούνε

72 1462 134 1514 τας
154 1437 304 1520 διεξιέναι
327 1433 465 1517 ἔπεισιν,
493 1430 596 1512 ἄλλοις
618 1437 654 1505 δὲ
684 1442 749 1510 τοῖς
780 1433 887 1509 ἁπλοῖς
914 1429 1101 1519 ἑρμηνεύειν
1122 1436 1193 1500 καί·

70 1541 258 1622 ἐξηγεῖσθαι
280 1541 501 1620 προελομένους
515 1535 613 1618 μόνας
635 1534 736 1609 αότός
760 1537 817 1598 τοό
832 1537 1015 1618 εύυιμμελιου
1033 1530 1091 1608 τοὶς
1114 1530 1177 1618 p‘q'·

73 1662 144 1718 σεις
165 1640 349 1724 φιλοτιμίαις
372 1637 498 1722 ἁπάσης
523 1635 628 1720 όκτός,
659 1639 714 1702 καί
735 1630 990 1721 όνακαλύνιτειν,
1009 1629 1081 1698 όσον
1102 1633 1176 1721 ips·

72 1737 173 1820 ναόν,
206 1737 261 1804 τόν
282 1739 459 1822 ἐγκείμενον
484 1750 554 1817 ταῖς
576 1746 679 1819 λέξεσι
702 1741 778 1802 νούν
803 1736 966 1821 ἀκριβῶς,
998 1735 1055 1802 καί
1082 1741 1176 1802 πλέον
1261 1799 1264 1805 .

28 1841 174 1922 ςροόόὲν
197 1845 374 1924 περαιτέρω
405 1842 528 1925 ζητεῖν·
581 1837 684 1916 ἄλλως
716 1841 752 1903 δὲ
776 1845 840 1911 τοῖς
872 1841 929 1902 νόν
949 1841 1004 1902 ε’πί
1023 1835 1177 1920 συγχύσει

74 1944 131 2023 τῆς
151 1923 325 2019 εὐσεβείας
337 1939 522 2030 όαιφυεῖσιν
545 1941 701 2024 ἀσεβέσιν,
724 1940 758 2005 οῖ
775 1937 829 2022 τὴν
841 1942 921 2020 μίαν
939 1929 1087 2002 οἴκτιστον
1102 1933 1179 2013 θεός-

75 2067 154 2128 τητα
178 2036 257 2123 πρός
277 2042 429 2124 α’πείρορς
456 2041 510 2105 κατ’
537 2044 716 2128 διαφόρους
740 2045 912 2122 τέμνουσι,
935 2037 990 2104 καί
1009 2033 1077 2120 ἅμα
1096 2037 1176 2122 deae

77 2143 244 2226 αἰσθητοῖς
275 2140 456 2226 ὀφθαλμοῖς
488 2144 705 2226 ε’μκαυχοόνται
737 2146 792 2209 καί
810 2139 933 2222 όμιλεῖν
956 2142 989 2218 ἐξ
1014 2137 1102 2206 οἴνου
1124 2138 1180 2212 ναί

75 2246 205 2328 τρυφῆς
226 2244 431 2326 Παλαμικῆς,
451 2239 487 2308 όν
509 2243 668 2310 ἀδύνατον
689 2246 769 2312 ἰδεῖν
781 2241 1011 2326 μεμαθήκαμεν
1031 2241 1104 2326 μήτ’
1119 2242 1176 2308 όν-

27 2345 219 2434 φηθρτόποον
239 2339 312 2424 μήτ’
335 2344 474 2426 ύμμέλοιν
497 2346 629 2410 ούδόνο·
680 2340 784 2422 όλλοος
807 2347 836 2408 δ’
858 2336 954 2418 αύθις
975 2351 1040 2418 τοῖς
1061 2337 1176 2424 ἑπομέ-

76 2467 144 2519 νοις
163 2440 339 2524 βαναύσοις
359 2447 415 2508 καί
435 2449 692 2526 τριωβολιμαίοις
725 2441 944 2528 μυναικαρίοις
967 2447 1023 2512 κατ’
1053 2437 1176 2528 ἄνδρα-

68 2550 173 2632 ,ρίοις.
224 2537 267 2622 τός
296 2537 379 2610 εἶναι
408 2548 608 2624 πολλαπλοῦς
634 2544 696 2612 καί
715 2548 892 2624 πολυειδεῖς
924 2543 1001 2623 τούς
1028 2547 1177 2616 incudm

79 2833 201 2903 ambigui
227 2833 349 2902 quiddam
367 2833 431 2886 inde
449 2843 568 2902 caperet.
610 2835 757 2904 eademque
775 2835 808 2888 de
829 2851 909 2889 eausa
936 2847 989 2903 ega
1008 2849 1116 2906 quoque
1134 2844 1178 2890 ts.

81 2922 146 2960 cere
164 2905 202 2957 ibi
219 2904 349 2958 malebam
367 2905 447 2974 idque
464 2905 617 2961 uonseium
634 2915 787 2975 propterea
811 2923 879 2978 quse
890 2921 977 2974 ¹supra
1000 2909 1113 2974 exposui
1131 2909 1179 2962 sed
1287 2903 1294 2912 '

80 2979 162 3032 etiam
180 2985 292 3046 prepter
311 2971 425 3044 plurima
444 2977 506 3029 alia.
546 2987 610 3030 sunt
628 2979 696 3034 euim
717 2979 761 3046 qui
781 2995 904 3031 sermone
933 2979 1077 3046 perspicuo
1098 2987 1178 3034 uten.
1261 2987 1269 3000 '

45 3099 50 3107 ‚
79 3059 123 3103 tur
141 3048 187 3100 aiii
199 3049 243 3116 qui
258 3061 367 3115 prorsus
378 3063 432 3102 nou
451 3049 613 3116 perspieu03
633 3051 678 3118 qui
695 3051 744 3101 etsi
763 3051 925 3120 argumentis
949 3065 1001 3100 uon
1021 3049 1146 3104 differunt
1163 3067 1179 3106 tt

80 3121 268 3173 nebistsmeu
288 3120 377 3172 verbis
404 3129 431 3172 et
453 3122 564 3173 vocibus
589 3123 643 3174 suis
673 3121 853 3189 peculiaribus
878 3121 985 3173 differre
1004 3121 1128 3173 ridentur
1145 3124 1178 3174 iis

82 3193 129 3260 qui
152 3191 250 3244 inducti
269 3200 377 3247 suntet
396 3193 493 3261 quibus
524 3208 612 3244 sensas
630 3196 775 3261 scripturus
801 3195 829 3246 in
851 3194 1059 3245 controversiam
1080 3194 1178 3245 ducere

82 3263 180 3332 placet.
219 3262 275 3314 alio
292 3271 381 3316 autem
403 3265 480 3316 mode
508 3264 665 3332 intelligunt
693 3267 738 3333 qui
756 3267 783 3316 ie
804 3266 953 3318 huiusmodi
971 3264 1051 3316 rebus
1069 3265 1178 3316 niarium

78 3349 188 3401 semper
210 3335 351 3402 exquirere
373 3343 400 3386 et
417 3351 465 3402 per
483 3333 628 3403 allegorias
648 3337 738 3388 dicere
757 3337 865 3402 volunt;
884 3337 938 3389 alio
953 3337 1030 3388 medo
1049 3337 1095 3406 qui
1112 3338 1179 3390 sin.

79 3406 192 3474 pliciter
219 3407 389 3474 interpretari
419 3415 446 3458 et
469 3407 606 3460 illustrare
631 3409 737 3460 student
754 3411 811 3475 ipsa
836 3417 935 3460 tantum
954 3409 1023 3460 nuda
1043 3408 1179 3478 evangelii
1212 3461 1216 3476 ,

79 3478 166 3532 verbs
183 3477 241 3530 siue
259 3477 315 3532 ulia
333 3479 519 3534 aestimatione
540 3486 566 3530 et
583 3479 712 3546 detegere
731 3489 855 3548 quantum
875 3481 934 3533 fleri
953 3482 1038 3547 possit
1055 3487 1179 3533 accurate

79 3565 151 3618 quae
172 3549 263 3602 verbis
282 3549 374 3602 subest
392 3551 560 3613 sententiam,
579 3565 667 3618 neque
686 3553 730 3620 qui
747 3551 869 3603 'ulterius
887 3552 1028 3622 quidquam
1047 3552 1179 3620 indagast-
1223 3595 1227 3605 ι

78 3623 141 3674 dum
164 3635 224 3675 esse
245 3629 347 3688 putant.
385 3637 476 3674 rursus
496 3621 550 3672 aiio
570 3623 646 3674 modo
667 3623 775 3674 ditierre
801 3624 927 3675 ridentur
945 3623 998 3685 iis,
1024 3623 1070 3689 qui
1100 3622 1179 3674 todte

77 3693 141 3760 pios
160 3694 261 3744 suimus
280 3693 437 3759 perturbare
455 3693 560 3745 student
577 3693 684 3759 impiis,
713 3694 812 3762 quique
834 3711 911 3746 unam
930 3695 1072 3745 increatam
1090 3695 1179 3746 deita-

78 3772 133 3816 tem
156 3764 184 3814 iu
205 3765 321 3818 infinitas
342 3774 369 3818 et
387 3766 474 3818 rarius
496 3764 591 3816 multus
610 3765 762 3816 discindunt
774 3765 907 3834 simulque
926 3765 1019 3817 ridere
1041 3779 1096 3816 eam
1119 3763 1179 3821 ela.

77 3837 116 3888 ris
138 3833 224 3886 oeulis
242 3853 272 3888 se
292 3839 392 3890 iactant
420 3846 447 3889 et
471 3838 628 3890 coniunctos
654 3853 684 3888 se
698 3851 758 3888 esse
788 3845 850 3904 post
868 3839 958 3889 vinum
978 3843 1006 3888 et
1024 3838 1179 3889 commissa.

78 3910 180 3961 tionem
200 3907 355 3974 palemieam
375 3925 433 3960 eum
453 3925 485 3962 ea
504 3923 581 3976 quam
599 3923 825 3976 nosneqnaqusm
847 3911 920 3961 cerni
940 3923 1020 3976 pesse
1038 3909 1177 3961 didicimus

77 3980 222 4046 nequead
243 3981 352 4034 homine
372 3980 429 4032 ullo
452 3997 540 4050 neque
559 3979 592 4032 ab
611 3981 726 4049 angelis.
763 3981 879 4048 dentque
900 3980 956 4032 sliu
975 3979 1054 4032 moda
1072 3980 1178 4032 intelli.

77 4058 156 4118 peut,
177 4051 223 4118 qui
241 4054 413 4106 incomitata
433 4067 539 4119 semper
558 4061 599 4104 est
617 4053 693 4118 piebs
708 4068 723 4102 e
739 4050 857 4104 tabernis
877 4059 904 4104 et
918 4051 1038 4120 perditae
1054 4051 1178 4120 vitesque

76 4121 226 4178 muliebres
249 4131 276 4178 et
294 4123 458 4178 homunculi.
495 4126 587 4192 itaque
608 4125 637 4176 at
655 4131 684 4176 ut
696 4121 860 4190 multiplicas
879 4125 941 4176 inda
963 4131 991 4175 et
1009 4124 1100 4176 κτεῖνε
1118 4124 1178 4174 tur.

77 4209 139 4248 ruse
158 4202 268 4250 susus
288 4197 426 4252 doetrinae
447 4205 572 4266 tauquam
590 4194 672 4252 rivuli
692 4195 842 4276 prpduaut3
870 4203 898 4250 st
915 4196 1039 4266 proiectu
1056 4195 1178 4266 sopitam
