2872 4790
237 245 969 330 nrsronma·nminmnanxxmi.3t.
995 242 1065 329 ti.
1127 253 1197 330 tat

100 420 156 490 καί
186 424 225 490 τὰ
253 429 462 510 ψηφίσματα·
505 416 557 502 οἷςῗ
581 421 730 510 ἆρρεπεῑς
762 425 814 493 τὸν
843 421 967 493 ἅπαντα
994 427 1109 510 χρόνον
1145 428 1201 494 καί
1230 457 1249 496 ,s

98 523 201 615 πάντῃ
246 525 486 610 ἇκαπηλείτοσς
525 526 585 601 τοῖς
619 532 675 610 τῆς
718 531 805 612 δίκης
842 525 968 611 ἐπάγων
1008 529 1200 612 πλάοτηιγας

99 631 215 708 θαῦμα
236 629 280 713 τῷ
301 630 359 716 βίρι
376 633 491 710 γίνεται
513 630 623 710 μείζσν
640 657 658 714 η
680 628 760 694 κατὰ
776 630 876 696 πάντα
897 631 1020 696 δίκαιον
1038 621 1200 712 ’Apenest-

99 731 169 813 δην,
191 734 244 792 καλ
267 729 363 793 πᾶσιν
379 728 489 802 ἁπλοῖς
511 727 712 813 περιλάλημα
728 734 918 795 καθίσταται
938 727 1114 814 κράτιστον,
1138 731 1201 812 orig

71 825 276 917 do‘psopaiiosr
298 827 406 914 μόνον,
426 832 499 894 ἄλλ’
518 826 579 916 ἢδη
602 834 657 896 καί
675 831 707 907 ἐς
737 832 775 898 τὰ
805 836 951 917 περίοικα
970 838 1033 896 τῶν
1054 832 1156 896 ε’θνοῆν
1179 828 1198 914 ἧ

99 930 194 1017 φήμη
216 933 406 1014 διέδραμεν,
434 929 592 1016 α’κὴροτον
617 937 761 1019 φίρσοοα
790 931 823 998 τὸ
855 931 971 1014 σεμνὸν
992 935 1048 1014 τῆς
1077 932 1199 1007 αἰδοῦς.

99 1031 154 1098 ded
176 1028 216 1116 δη
250 1035 354 1098 ταῦτα
384 1031 439 1096 καί
466 1036 661 1119 σονίκδημσν
691 1033 710 1118 ἧ
741 1035 868 1116 βασιλίς
904 1037 937 1109 ἐς
966 1031 1265 1117 Διδνμὸτειχτνη

98 1129 203 1220 ἑαυτῇ
224 1137 374 1215 γενέσθαι
404 1137 561 1199 τῶνκαθ’
585 1136 682 1200 αὑτὸν
711 1138 952 1220 προτετίμηκτν,
982 1130 1026 1207 αἶς
1049 1133 1201 1216 ατίτηκοος

100 1239 158 1300 καί
179 1232 340 1318 ου’τόπτης
365 1235 433 1300 ἐκεῖ
449 1233 614 1320 γενόμενος
633 1241 688 1302 κοί
720 1235 815 1314 ατῗτός
835 1242 897 1302 τοῖν
916 1262 952 1302 τε
980 1235 1018 1321 δη
1043 1241 1202 1320 λεχθηοο·

52 1339 206 1418 λθμίνοσν
228 1339 283 1400 καί
296 1341 572 1423 πραχθησομένων
592 1343 716 1424 γίνοιτο
736 1343 788 1404 καί
802 1337 925 1423 μα’ρτνς
939 1337 1200 1421 οίποροῖγραπτσς.

98 1441 202 1502 ἐκεῖσε
224 1441 332 1500 τοίνυν
355 1437 374 1523 ἡ
397 1439 523 1520 βασιλίς
542 1437 691 1526 pavendorp
724 1437 811 1505 πάντ’
833 1439 939 1524 ἔλεγεν
964 1432 1010 1514 oie
1032 1463 1064 1506 τι
1088 1442 1202 1522 ἐμφα-

98 1536 206 1604 λείειν
227 1539 355 1605 ὑπενόει
375 1539 432 1624 την
451 1546 510 1606 τοῦ
532 1548 654 1608 πείθειν
675 1542 791 1626 ἰσχύν,
820 1546 875 1608 καί
896 1538 943 1618 οἷς
964 1545 1021 1606 οτίκ
1043 1540 1201 1628 ἐφεδρεί-

98 1662 148 1702 ειν
170 1632 238 1720 εἶχε
260 1641 572 1725 σκνθρωπόνοτίδὲν,
594 1646 658 1706 τοῖν
670 1643 879 1726 ἐπιτιμήσεων
901 1638 1020 1728 ἥμερόν
1039 1667 1110 1708 τινα
1124 1639 1200 1725 τρό-

99 1765 160 1806 πον
192 1742 413 1827 ίνδεικνομένη
448 1751 493 1835 τῷ
528 1753 587 1832 νέῳ
625 1743 681 1828 την
717 1744 841 1829 ἡλικίαν
874 1751 1013 1829 βασιλεῖ,
1046 1743 1200 1832 μητρικην

51 1840 276 1926 15είσιίγονστί
298 1868 362 1919 πως
385 1846 474 1938 αὕτη]
506 1847 563 1933 την
585 1847 782 1930 παραίνεσιν.
836 1845 873 1911 τοὶ
898 1850 933 1914 δὲ
955 1838 1003 1930 ἦν,
1026 1845 1069 1922 οἷς
1092 1849 1126 1911 ἕν
1147 1869 1201 1910 κε-
1279 1924 1281 1926 ¹

99 1947 230 2034 φαλαίρτ
245 1944 355 2029 φάναι,
380 1958 587 2030 παραχωρεῖν
599 1949 653 2012 τόν
668 1947 812 2031 γαμβρὸν
830 1951 885 2012 καί
902 1952 1037 2028 βασιλέα
1053 1953 1203 2012 fleiaco-
1264 1961 1268 1968 '

97 2045 192 2130 λόγον
212 2042 323 2113 ἑκόντα
347 2051 509 2138 Ματθαίρι
532 2051 575 2136 τῷ
594 2053 838 2140 γοναικαδέλφρτ
866 2047 923 2133 την
953 2048 1202 2131 ίξὈρεοτιάίσς
1249 2048 1252 2055 ’

98 2141 179 2233 ἄχρι
203 2147 325 2233 Recipe
354 2151 434 2232 μετά
457 2174 493 2233 γε
526 2155 587 2214 τῶν
609 2145 805 2233 ἑκατέρωθεν
835 2149 964 2236 χοιρίων
993 2151 1050 2216 καί
1079 2148 1201 2216 πόλεσιν

94 2251 157 2334 γῆν
189 2250 354 2340 αίτσνὸμρτ
379 2255 534 2332 νέμεσθαι
564 2253 744 2341 δεσποτεία,
775 2252 874 2318 ατῖτὸν
909 2255 938 2317 δ’
969 2249 1055 2335 ἔχειν
1086 2249 1144 2334 τη“ν
1163 2253 1198 2316 ἐκ

47 2353 335 2434 ΞθΔιδομοτείχοο
363 2356 460 2436 μέχρι
491 2353 745 2437 Θεσσαλονίκης,
780 2353 836 2418 τσ“ν
872 2356 907 2419 di
935 2353 1041 2420 κοινόν
1076 2355 1197 2439 τίμφοίν

95 2455 224 2534 πατέρα
255 2455 520 2539 Καντακοοζηνόν
546 2457 600 2519 τόν
627 2459 761 2537 βασιλέα
796 2454 835 2521 τοὶ
867 2457 1037 2536 λειπόμενα
1069 2454 1150 2536 μετὰ
1172 2458 1327 2522 “i-mb-

94 2557 154 2640 τῆς
173 2525 407 2640 βασιλευούσης
421 2559 483 2620 τῶν
503 2551 626 2622 πόλεων
643 2559 742 2642 μέχρι
760 2560 924 2644 τελευτῆς,
945 2553 998 2624 ὅτε
1019 2556 1075 2622 καί
1094 2557 1198 2623 αὐτῶν

99 2887 218 2942 consilia
236 2901 268 2941 nc
286 2889 394 2942 decreta
413 2887 585 2942 administrat.
622 2904 755 2960 quumque
773 2904 822 2959 per
840 2891 944 2943 ominem
961 2897 1075 2944 aetatem
1093 2905 1199 2958 semper

96 2961 221 3014 institiae
241 2975 317 3030 qnam
338 2960 430 3013 dieunt
449 2962 546 3013 trutina
564 2977 608 3015 res
626 2969 701 3014 recte
726 2969 754 3014 et
773 2963 830 3015 sine
850 2961 943 3016 irande
961 2963 1095 3015 examinet
1111 2963 1198 3014 maio.

95 3048 156 3088 rear
175 3031 309 3084 hominum
337 3031 536 3084 admirationem
560 3034 645 3085 movit
675 3050 753 3103 quam
777 3037 863 3086 iustus
887 3034 937 3086 iile
959 3033 1108 3099 Aristides,
1125 3042 1153 3086 et
1170 3035 1199 3088 in

96 3119 148 3158 ore
167 3104 283 3155 omnium
304 3111 416 3155 estnon
435 3103 523 3156 solnm
544 3105 694 3156 concivium
718 3105 764 3158 sed
785 3107 863 3158 etiam
881 3106 950 3174 apud
966 3107 1085 3156 contines
1104 3113 1198 3172 gentes

96 3177 170 3230 fama
188 3175 247 3227 eins
265 3175 433 3243 percrebruit
451 3184 478 3226 et
503 3191 595 3228 omnes
614 3178 715 3243 pariter
733 3178 785 3230 viri
808 3177 885 3229 huius
914 3177 1077 3229 verecundia
1095 3176 1198 3232 imbuit.

96 3253 264 3318 quapropter
285 3248 363 3298 etiam
384 3248 479 3316 regina·
496 3263 575 3316 quum
594 3247 807 3315 Didymotichum
833 3250 1050 3318 proficisceretur
1069 3263 1127 3300 enm
1147 3247 1197 3300 sibi

95 3319 223 3374 comitem
243 3331 303 3369 esse
318 3319 407 3370 veluit
424 3329 453 3371 nt
470 3319 579 3371 auribus
608 3327 635 3370 et
653 3319 738 3372 ocutis
758 3336 827 3389 quae
847 3321 884 3372 ibi
913 3322 1065 3373 dicerentur
1087 3329 1113 3372 et
1130 3336 1198 3392 τρο..

95 3399 193 3446 rentur
217 3389 376 3442 observaret
396 3399 422 3442 et
440 3405 542 3442 omnem
559 3391 651 3442 arbitri
671 3393 855 3444 auctoritatem
875 3391 995 3445 haberet.
1032 3393 1126 3460 regina
1146 3407 1197 3444 an.

95 3472 151 3516 tera
172 3475 253 3530 qnnm
274 3475 307 3513 eo
327 3463 447 3514 venisset
474 3465 562 3514 omnia
580 3477 756 3532 quaecunque
779 3465 811 3515 ad
833 3463 1044 3530 persuadendum
1063 3465 1198 3530 aptissima

95 3533 210 3604 patabat
227 3533 339 3602 protniit
360 3541 388 3586 et
405 3533 449 3585 nbi
463 3535 583 3602 graviter
594 3534 737 3602 obiurgare
758 3543 784 3586 et
801 3549 855 3586 non
874 3535 952 3587 licuit
964 3549 1055 3601 regem
1072 3535 1197 3586 invenem

95 3607 184 3660 amice
214 3619 247 3657 nc
278 3603 383 3672 placide
413 3607 538 3658 tractavit
561 3607 598 3657 itn
631 3613 661 3656 nt
693 3608 782 3657 matris
815 3621 889 3658 more
918 3605 1109 3673 quodammodo
1139 3619 1198 3658 enm

96 3677 295 3744 obiurgaverit.
333 3676 420 3728 voluit
438 3686 536 3740 antem,
554 3685 584 3728 nt
601 3691 701 3728 summa
719 3678 843 3740 reieram,
870 3677 986 3728 haecce:
1005 3683 1033 3726 ut
1052 3674 1197 3728 Psineolo.

95 3765 146 3818 gns
165 3761 254 3816 gener
273 3753 301 3800 et
318 3763 366 3800 τοτ
384 3764 432 3800 sua
451 3757 547 3816 sponte
565 3750 657 3800 uxoris
682 3748 757 3800 iratri
777 3747 908 3802 dlattiiaeo
935 3749 1056 3816 regionis
1074 3747 1108 3799 ab
1127 3750 1198 3801 tire..

95 3820 181 3874 siinde
199 3833 286 3888 usqne
306 3819 338 3872 ad
360 3819 462 3886 Binyen
481 3821 639 3888 pertinentia
660 3835 711 3872 nna
732 3837 789 3872 cum
808 3819 877 3872 locis
897 3827 924 3871 et
941 3819 1102 3872 urbibus-ab
1122 3829 1196 3874 utre-

97 3908 149 3961 qne
168 3898 246 3958 parte
265 3891 334 3955 sitis,
353 3905 477 3943 summam
497 3899 654 3960 potestatem
673 3892 851 3956 concederet,
870 3893 930 3958 ipse
948 3900 1036 3945 autem
1057 3893 1196 3961 regionem

97 3979 111 4016 τ
134 3961 325 4029 Didymoticho
353 3977 438 4032 usqne
468 3965 500 4016 ad
527 3963 743 4016 Thessalonicam
779 3965 1010 4016 administrandam
1037 3965 1197 4032 susciperet.

97 4033 217 4103 reliquas
245 4048 338 4084 omnes
366 4049 396 4086 re
416 4035 493 4088 iones
527 4049 579 4086 nne
605 4049 663 4086 cnm
687 4035 763 4104 regia
791 4043 924 4103 potestate
950 4037 1089 4104 utriusque
1121 4043 1197 4104 pater

99 4105 303 4160 Gsntacasenns
321 4051 472 4171 possideres
490 4121 575 4176 neque
593 4107 625 4158 sd
646 4106 756 4158 obitum.
798 4107 895 4160 deinde
914 4105 1092 4176 Pniaeoiopus
1119 4107 1197 4158 hnins

97 4175 201 4248 impedi
221 4191 363 4236 successor
381 4176 466 4234 deret
502 4187 530 4231 te
556 4179 654 4247 igitur,
681 4179 762 4245 dixit,
795 4187 904 4248 oportet
929 4179 1117 4236 ῦκοιτοοτοτο
1135 4185 1197 4234 tan-
