2872 4784
154 369 158 384 .
222 313 445 382 nianomxn
471 309 730 380 nxxxmmax
747 313 840 380 xxx.
865 295 935 382 ud.
972 293 1043 381 λυ.
1117 303 1191 378 ‘285
1296 285 1300 294 '

90 497 166 539 ναι·
211 477 287 540 ου’δδ
311 475 372 560 γὰρ
405 475 499 560 φύσει
531 485 595 553 τοῖς
616 475 781 560 πράγμασι
812 475 852 541 τύ
876 475 1028 557 ύνύματα,
1054 475 1108 540 ναί
1127 469 1191 556 μην

87 575 168 639 cnidi
193 575 299 662 φύσις,
325 572 404 640 σ’λλύ
427 565 690 662 κατύσυνθηκην
713 576 767 642 καί
779 579 969 663 συμφωνίαν
991 576 1118 658 α’νδροδν
1132 599 1192 638 συ-

62 709 70 716 ·
86 681 186 741 υετῶν
201 676 411 760 ἐπιγίγνονται
429 688 493 755 τοῖς
511 679 694 762 πράγμασιν
709 676 742 743 αἱ
757 677 949 762 σημαντικαί
962 681 1024 742 ταῖν
1043 671 1190 762 πραγμύ-

86 803 154 841 των
170 760 379 863 προσηγορίαι
401 777 478 844 κατύ
502 779 557 843 τὸν
582 783 737 844 Νυάσαὲα
758 783 789 845 Γ
787 779 942 870 ρηγύριον.

57 883 74 937 5
190 882 254 944 Δεῖ
271 878 330 962 γύρ
363 877 398 944 ἔκ
431 904 464 944 τι
485 882 558 944 τιύν
590 875 754 962 ἡμετέρων
778 879 833 943 καί
864 876 932 960 ἅμα
956 881 1017 946 τοῖν
1040 875 1255 960 θύραθινη

85 983 212 1064 σοφοῖν,
234 983 392 1066 σύμφωνα
417 983 642 1066 φθεγγομένων
666 983 699 1044 ἐν
719 990 788 1056 ταῖς
811 985 871 1047 rods
895 980 995 1063 λόγων
1015 981 1187 1064 ι’πιστημο·
1199 991 1218 1046 l.
1228 989 1311 1048 137τ.

84 1091 191 1157 νικαϊς
222 1081 417 1164 ἀκριβείαις,
446 1087 488 1169 τρῖ
511 1082 637 1164 α’μαθεί
661 1083 717 1165 την
740 1082 949 1166 προπαίδειύν
971 1105 1019 1146 σοι
1044 1081 1098 1164 τῆς
1119 1103 1188 1145 τοι-

87 1181 190 1265 αύτης
214 1179 385 1265 προσάγειν
414 1185 633 1265 διδασκαλίας,
655 1183 698 1257 ιδς
720 1179 760 1247 δν
788 1177 871 1250 ούτω
893 1187 1103 1269 δυνηθείημεν
1126 1184 1187 1264 σ’ψὲ

84 1283 165 1363 γούν
186 1287 379 1347 καθικέσθαι
400 1289 455 1367 τῆς
478 1287 603 1381 σαθργῖς
627 1288 681 1348 καί
703 1284 926 1369 α’μαθεστοὶτης
955 1307 1013 1349 σου
1037 1285 1186 1359 διανοίας.

41 1397 76 1452 10
87 1392 197 1470 τεῖχος
217 1381 315 1466 γύρύ
343 1389 442 1466 με’γας
474 1379 561 1450 εἶναι’
581 1411 660 1471 φησι
688 1391 859 1460 Βασιλεισς
888 1394 954 1459 τοῖς
979 1387 1113 1468 δόγμασι
1136 1389 1188 1467 τῆς

84 1491 153 1550 ταῖν
176 1486 321 1566 θύραθεν
353 1485 525 1571 ἐπιστήμης
555 1487 613 1570 τὴν
636 1483 781 1570 δύναμιν,
812 1479 874 1550 ούκ
895 1487 998 1552 tuom
1021 1486 1100 1549 αὐτοὶ
1123 1493 1187 1561 τοῖς

86 1591 298 1666 βουλομένοις
320 1586 466 1652 εύύλωτιὶ
480 1611 513 1651 τι
530 1591 585 1651 καί
605 1586 826 1670 εύδιύρπασια
852 1589 1008 1670 γίνεσθαι.
1049 1586 1103 1650 καί
1125 1579 1188 1648 αύ-

84 1689 142 1760 θις
161 1684 177 1749 ὁ
196 1689 285 1760 θεῖος
311 1688 541 1768 Χρυσόσιομος
557 1683 653 1752 κύταν
674 1693 749 1772 περί
769 1687 933 1770 δόγματα”
954 1689 1036 1771 φησί
1049 1685 1147 1772 “νσσῇ
1169 1684 1186 1769 η“

88 1783 186 1866 ψυχὴ
211 1783 248 1849 τοὶ
274 1785 365 1870 νόθα,
390 1785 487 1868 πολλῆ
510 1789 569 1851 τού
592 1784 684 1870 λύγου
708 1791 848 1852 ἐνταῦθα
875 1785 893 1869 ἡ
912 1791 1020 1868 χρεία,
1046 1786 1086 1848 ου’
1107 1781 1187 1864 πρὸς

39 1889 72 1951 1'5
86 1882 149 1968 την
172 1887 233 1949 τοῖν
255 1888 377 1952 οἰκείων
400 1887 580 1972 α’σφύλειαν
594 1891 700 1970 μόνον,
732 1885 813 1952 α’λλύ
840 1891 895 1952 καί
917 1885 995 1968 πρὸς
1016 1883 1090 1960 τούς
1109 1881 1186 1962 ἕλξω·

85 1992 148 2050 θεν
180 1987 368 2066 πολέμους.”
420 1992 474 2052 καί
493 1984 589 2066 αὖθις
612 1991 627 2053 δ
654 1995 740 2064 θεῖος
764 1988 915 2068 Μάξιμος
945 1982 1042 2068 “diga
1063 1988 1187 2067 λογικῆς

83 2083 256 2167 δυνάμεως
279 2088 521 2174 interamnanam
541 2091 623 2175 φησί
634 2085 771 2172 “γνοῑσις
787 2087 845 2151 ούκ
866 2085 954 2172 ἔστι,
975 2085 1029 2150 καί
1043 2084 1185 2169 γνώσεως
1275 2113 1281 2128 ¹

83 2191 191 2272 χωρίς
212 2189 251 2250 ου’
269 2195 454 2254 συνίσταται
476 2189 609 2266 πίστις.”
650 2186 727 2276 ύρηῖς
747 2188 780 2255 τύ
802 2194 866 2254 τοῖν
888 2192 953 2253 σοῖν
973 2187 1186 2274 βλασφημιῶν

84 2287 200 2370 αἴτιον,
233 2284 401 2370 ἄνθρωπε·
455 2294 549 2356 ον’δὲν
582 2290 646 2375 γύρ
674 2289 782 2374 ἕτερον
814 2285 835 2373 ἢ
862 2283 986 2364 ποίνιως
1019 2287 1038 2371 ἦ
1064 2285 1187 2351 τούτων

39 2383 223 2473 mairana,
253 2396 348 2474 idyrn⁸
364 2391 403 2475 δὴ
429 2390 485 2475 τήν
516 2397 577 2457 τῶν
601 2391 748 2474 θύραθεν
771 2391 825 2456 καί
852 2397 914 2456 acia
937 2389 1099 2476 η’μετέρων
1121 2381 1189 2469 ύμα

84 2495 212 2577 σοφῶν,
231 2495 286 2556 καί
312 2491 470 2576 θεσλύγων
506 2493 631 2576 dadonis
665 2491 848 2578 ἐπιστήμην.
898 2485 936 2576 ἣν
965 2488 1136 2574 σῖγνοούντά
1153 2511 1189 2554 σι

86 2593 149 2656 νύν
170 2593 248 2690 γοῦν
269 2594 464 2678 διδαχθῆναι
485 2591 589 2680 χρεων
610 2597 766 2660 ἐνταυθοῖ
782 2599 856 2679 παρ’
877 2592 976 2680 ἡμῶν.

86 2907 243 2961 nominibus
263 2915 290 2960 et
307 2907 399 2960 verbis
413 2907 498 2972 mixti,
517 2907 689 2977 nequeenim
708 2908 803 2977 gignet
819 2907 899 2960 rebus
917 2907 1025 2960 nomina
1038 2905 1096 2960 nllo
1111 2905 1189 2960 modo

86 2995 125 3032 ne
143 2987 239 3032 natura
258 2980 372 3047 quidem,
392 2981 439 3032 sed
459 2995 492 3031 ex
514 2979 703 3032 convenientia
726 2988 753 3031 et
772 2979 950 3032 consensione
969 2978 1102 3031 hominurn
1122 2995 1189 3047 pru.

85 3053 343 3190 {exutumugriuntur
370 3051 450 3104 rebus
471 3052 577 3148 nomina
608 3067 651 3104 res
674 3051 852 3121 significantia
880 3051 1023 3105 secundum
1044 3051 1189 3120 Gregorarn

189 3221 237 3274 Est
266 3224 336 3273 enirn
364 3235 430 3289 opus
457 3239 471 3274 e
499 3224 647 3288 sapientum
675 3223 719 3290 qni
748 3221 816 3288 apnd
842 3235 891 3272 nos
918 3228 945 3272 et
972 3220 1041 3288 apud
1060 3228 1187 3274 externos

91 3299 155 3346 suut
176 3293 406 3344 consentientibus
423 3295 450 3344 in
470 3293 605 3344 literarum
627 3293 774 3344 subtilitate
792 3295 870 3344 dictis
888 3292 935 3344 tibi
948 3291 1081 3343 inerudito
1104 3291 1189 3342 addu-

89 3380 156 3416 cere
176 3365 404 3431 praeparationem
419 3366 548 3416 eiusmodi
570 3365 754 3428 institutionis,
776 3373 804 3414 ut
818 3364 869 3414 hoc
885 3363 962 3415 modo
979 3365 1108 3430 possimus
1128 3369 1189 3414 tan-

88 3437 149 3487 dem
177 3435 320 3502 aliquando
344 3445 455 3499 tangere
486 3443 600 3487 mentem
638 3444 707 3486 tuam
741 3435 860 3486 obtusam
892 3443 918 3486 et
946 3436 1187 3486 ineruditissimam.
1232 3471 1236 3481 .

88 3521 192 3558 murum
211 3507 280 3556 enim
301 3507 449 3574 dogmatum
469 3507 585 3558 Basilius
604 3521 713 3574 magnus
734 3523 793 3557 esse
814 3507 878 3556 dicit
898 3514 1066 3557 externorum
1086 3505 1188 3555 doctri-

87 3593 142 3631 nae
162 3579 231 3641 vim,
252 3593 320 3645 quac
340 3593 393 3629 non
413 3580 482 3630 sinat
501 3593 532 3628 ea
558 3592 573 3627 a
592 3577 714 3644 quolibet
739 3577 868 3643 exagitari
890 3585 916 3627 et
940 3576 1029 3641 diripi,
1050 3583 1077 3625 ct
1098 3587 1187 3624 rursus

89 3650 298 3716 chrysostomus
325 3650 440 3702 divinus.
485 3665 542 3700 cum
571 3663 604 3698 ex
629 3647 774 3714 dogmatis,
805 3649 908 3716 inquit,
937 3653 1059 3712 aegrotat
1085 3646 1187 3696 animus

89 3721 200 3788 spuriis,
221 3728 274 3770 tum
296 3735 407 3788 magnus
427 3720 562 3771 literarum
585 3725 625 3770 eet
646 3733 724 3782 usus,
749 3733 803 3769 non
830 3717 917 3768 solum
936 3727 1028 3768 contra
1048 3716 1187 3766 infirmita·
1271 3745 1281 3766 ι

89 3801 144 3844 tarn
163 3792 335 3842 domesticam
355 3793 400 3844 scd
422 3793 499 3843 etiam
520 3797 613 3842 contra
633 3789 761 3841 tumultus
781 3797 925 3840 externos:
947 3795 973 3839 et
991 3801 1082 3839 rursus
1101 3787 1187 3838 maxi-

89 3879 148 3914 mus
168 3863 294 3927 divinus,
324 3864 382 3914 sine
403 3862 537 3914 litcrarnm
567 3863 610 3925 vi,
629 3861 732 3926 inquit,
750 3875 804 3912 non
824 3862 908 3911 oritur
928 3873 992 3910 vera
1012 3860 1141 3927 cognitio,
1161 3863 1189 3908 et

89 3937 150 3986 sine
171 3935 326 4002 cognitione
342 3949 395 3986 non
415 3935 539 3984 consistit
557 3935 631 3985 lidos.
680 3933 756 3982 vides
776 3933 825 3983 iam
851 3929 1065 3982 maledictionum
1085 3939 1187 3981 tuarum

90 4021 207 4070 cansam,
226 4007 321 4070 amice,
343 4005 395 4056 alia
415 4006 484 4056 enim
509 4013 549 4056 cst
566 4003 641 4054 nulla
667 4017 742 4070 quam
768 4005 875 4054 omnino
900 4004 1051 4070 ignorantia
1070 4001 1187 4063 illorum,

89 4078 151 4129 dico
173 4079 296 4128 nimirum
317 4079 434 4128 virorum
455 4077 499 4143 qui
518 4077 587 4142 apud
608 4082 732 4125 externos
754 4082 781 4124 et
799 4075 867 4141 apud
891 4089 941 4125 nos
960 4082 1021 4124 sunt
1039 4075 1187 4140 sapientum

90 4157 117 4200 ct
140 4150 169 4200 in
198 4165 242 4201 res
270 4149 373 4201 divinus
399 4149 587 4215 inquirentium
612 4146 774 4209 doctrinam,
800 4161 877 4215 quam
906 4161 964 4197 curn
990 4147 1097 4214 ignores
1116 4155 1187 4194 nunc

88 4220 186 4278 saltem
206 4221 344 4274 edocearis
361 4233 476 4272 necessa
495 4227 536 4271 est
563 4219 607 4272 hic
626 4216 744 4270 anobis.
