2872 4784
265 273 340 354 304
573 283 798 356 nicoenom
829 279 1058 354 encoenia

264 443 408 522 ἆτελσιῖς.
449 451 479 515 εἰ
493 441 560 533 γὰρ
587 449 731 534 α’λλιῇλων
754 443 875 534 ἄλληλα
898 449 1072 534 διαφέρει,
1094 449 1259 532 ἐπέρηται
1281 446 1360 511 nois-

110 535 492 634 't1toesocdttsjtos
524 542 646 636 ἄλληλα
676 553 748 615 καθ’
780 545 798 612 6
831 552 997 635 διαφέρει,
1027 549 1082 614 καί
1114 550 1232 630 γίνεται
1264 547 1361 612 disa-

265 675 318 733 μις
350 654 409 735 μὲν
432 643 552 738 ἄσοφος
575 648 673 736 σοφέα
703 654 732 715 δ’
754 650 933 737 α’δύναμος,
968 650 1023 714 rar*
1051 649 1125 724 θεὸς
1160 641 1282 735 ἄσοφος
1311 646 1362 712 καί

166 796 169 809 ι
266 749 440 834 αἰλιλναμος,
468 754 523 816 καί
547 751 597 817 ἀεὶ
616 751 695 818 κατὰ
717 751 771 818 τὸν
791 746 899 832 ὅμοιον
927 749 1043 834 τρόπον
1066 747 1261 874 έστερημέγα
1283 746 1360 814 noir-

198 869 329 920 ὅιτιον
352 849 479 917 οἵιιαντα
506 856 560 917 sai
573 851 717 934 δεόμενα
741 854 886 936 ιῖλλὴλοιν
910 839 1042 935 αλληλα.
1087 854 1169 938 φησί
1186 851 1247 934 γᾰρ
1271 875 1324 914 ιιαι
1345 846 1381 932 65

263 950 411 1033 θεολογος
423 955 452 1016 Γ
450 976 597 1036 ριγγοριος
616 953 687 1028 “’τις
709 953 842 1029 oratorie
864 955 1011 1037 θεότητος
1027 945 1161 1036 ὄνησιςς
1183 957 1306 1034 μᾶλλον
1328 953 1359 1015 di

264 1058 309 1129 τίς
328 1043 485 1138 θεότης“
465 1079 485 1135 η
505 1050 548 1136 μὴ
570 1057 695 1134 τελιέας
720 1059 823 1118 τελειά
846 1056 968 1128 δέπῶς
991 1079 1009 1172 p
1032 1055 1132 1118 λειίιει
1153 1078 1183 1118 τι
1206 1049 1289 1134 ιιρὸς
1312 1077 1361 1117 ιε-

262 1155 405 1233 λεέοισινς
430 1159 529 1219 λειιιει
550 1157 585 1218 δὲ
615 1155 740 1231 πάντας
763 1181 807 1238 μη
831 1152 948 1242 έγοέση
971 1153 1006 1218 r6
1028 1179 1128 1237 αγιον.
1184 1153 1254 1238 ἔχοι
1280 1148 1346 1218 δ’
1326 1181 1361 1218 αν

267 1255 344 1332 πῶς,
365 1281 407 1338 μρ
400 1249 564 1320 Ι”τοῦτο
543 1279 683 1339 οχοοσας
706 1255 786 1320 εἰ
749 1281 808 1340 γαρ
833 1245 913 1338 ἄλλη
930 1280 977 1331 τις
999 1253 1085 1339 ιιαρᾶ
1111 1255 1249 1321 τοῦτο
1225 1281 1246 1338 η
1275 1253 1361 1339 αγιέ-

263 1379 329 1439 της,
354 1354 407 1418 ror*
427 1352 516 1430 εἴτις
540 1353 621 1441 αὕτη
643 1367 773 1436 νοεῖται,
795 1361 920 1438 λεγέτω,
943 1356 1015 1432 τές”.
1059 1360 1117 1422 καί
1129 1355 1146 1420 6
1168 1360 1273 1441 μέγας
1297 1360 1394 1432 Bra-10

159 1455 162 1460 ’
262 1459 379 1530 σι’λειος
401 1454 455 1520 “et'
480 1455 577 1540 φύσις
607 1453 717 1546 adep?
750 1457 849 1544 φησὶν
876 1453 915 1520 “6
939 1455 1096 1540 ἁγιασμὸς
1126 1453 1169 1533 ὥς
1188 1456 1292 1551 ιιατρέ
1313 1461 1363 1522 καί

264 1552 333 1642 υἱῷ,
357 1557 424 1630 πῶς
450 1559 555 1640 τρίτης
586 1559 655 1622 ἐστι’
686 1563 741 1624 rai
772 1559 942 1642 α’λλοτριάς
983 1555 1150 1644 φύσεως,·”
1183 1561 1240 1622 καί
1271 1559 1361 1623 ιιοὶλιι

258 1655 424 1778 “α’γαθόν”
452 1681 531 1743 φησι
560 1655 614 1722 “ro‘
640 1663 766 1740 πνεῦμα
791 1657 833 1734 ὥς
853 1658 1007 1742 α’γαθὸςό
1032 1657 1134 1777 πατὴρ
1164 1663 1219 1726 ιιαι
1242 1657 1362 1743 ἀγαθὸς

264 1755 337 1821 tta
356 1760 413 1825 τοῦ
447 1757 573 1841 οἶγαθοῦ
606 1764 788 1842 γεννηθείς,
820 1761 932 1824 ου’σιάν
954 1759 1036 1845 ἔχων
1062 1758 1120 1844 τὴν
1142 1761 1362 1846 ἄγαθο’τιγτα.”

140 1851 143 1862 ’
200 1858 339 1948 ωιλρᾷς
363 1861 429 1934 ιιιὸς
453 1854 514 1940 οὐχ
535 1862 643 1943 ἕτερον
677 1863 732 1946 τῆς
757 1860 859 1944 ἆιιλῆς
892 1863 947 1925 καί
969 1867 1059 1936 θείας
1093 1863 1205 1936 ον’σιάς
1231 1813 1393 1988 671617515

265 1987 316 2026 και
313 1959 527 2088 α’γαθότφςτ
535 1986 587 2025 ιιαι
622 1963 765 2044 ε’νέργεια
797 1986 850 2025 ιιαι
880 1961 1095 2044 τὰτοιαῦτα,
1127 1959 1207 2026 α’λλιὶ
1233 1958 1362 2028 rastris.

263 2058 340 2127 ἑλοῦ
360 2057 488 2146 τοίνυν,
500 2089 525 2126 ιο
513 2055 635 2127 ιιαινὲ
657 2061 808 2147 θεολόγε,
831 2066 894 2127 τῶν
927 2064 1081 2145 α’σεβειιόν
1111 2061 1269 2146 ὁποτέραν
1293 2065 1364 2127 tes·-

264 2171 338 2238 λεις.
381 2164 494 2238 α’θεέας
513 2162 573 2246 γάρ
597 2161 653 2226 aar*
673 2165 846 2239 ιιολαθεΐας
878 2161 915 2229 τὰ
943 2168 1059 2229 τοιαῦα
1085 2171 1176 2251 φέρει
1207 2189 1261 2230 σοι
1290 2191 1364 2248 rpp-

265 2261 353 2347 μνόν,
376 2259 431 2327 ὑπ’
453 2263 599 2346 ἀλλήλων
615 2263 803 2348 ἐλεγχόμενα
822 2267 877 2330 καί
897 2267 962 2330 κατ’
982 2267 1126 2350 α’λλὴλοον
1141 2265 1362 2344 στασιάζοντα.

155 2399 161 2406 -
267 2363 300 2430 τὸ
323 2361 460 2449 μὲνγὰρ
487 2359 595 2428 ἄνισον
625 2363 659 2428 έν
691 2372 756 2440 τοῖς
778 2371 903 2441 πολλοῖς
925 2368 1047 2450 ἐλέγχει
1075 2363 1110 2430 τὸ
1132 2367 1293 2452 διάφορον
1314 2369 1395 2452 κσίρρ

168 2483 179 2494 “
260 2459 452 2554 οἶσιῖμβατον
471 2466 528 2548 τῆς
551 2466 742 2542 ιιολνθεέας·
764 2464 783 2549 ἦ
807 2467 841 2530 δὲ
863 2469 1020 2532 ιιολνθεΐα
1051 2467 1189 2554 σνμφνοῖ
1211 2463 1271 2550 τὴν
1294 2467 1363 2530 δια-

267 2773 427 2846 prcveniant
445 2788 556 2828 numero
577 2773 660 2841 duali,
680 2775 745 2828 deus
760 2776 896 2830 increatus
921 2783 948 2829 et
966 2775 1083 2830 visibilis
1108 2774 1255 2829 secundnm
1271 2782 1318 2841 te,
1336 2777 1360 2826 et

267 2848 399 2917 quomodo
426 2845 502 2898 molti
520 2847 564 2898 dei
585 2846 628 2912 hi,
654 2849 700 2915 qni
725 2849 926 2900 consociatione
949 2851 986 2902 its
1005 2849 1151 2916 procedant
1168 2863 1277 2916 semper
1296 2861 1360 2899 con·

267 2927 339 2972 stent
359 2933 417 2971 cnm
436 2919 605 2986 imperfecto,
626 2919 724 2970 etenim
743 2921 766 2972 si
785 2921 873 2972 omnia
891 2921 961 2973 inter
986 2936 1016 2973 se
1035 2921 1169 2986 differunt,
1188 2919 1284 2972 orbata
1302 2923 1359 2970 sont

266 3005 296 3044 se
319 2989 485 3043 inricemilia
509 2992 580 3058 qnod
606 2990 637 3041 ad
655 2977 832 3042 differentiam
854 2993 963 3056 attinet,
995 3000 1021 3044 et
1049 2993 1139 3044 eradit
1161 2994 1203 3044 vir
1222 2992 1359 3058 insipiens,

221 3081 222 3085 ¹
267 3063 398 3130 sapientia
417 3062 520 3114 infirma
545 3071 572 3112 et
599 3061 689 3112 deus'
682 3063 813 3128 insipiens
842 3071 868 3114 et
891 3064 1024 3148 infirmus,
1046 3071 1073 3116 et
1091 3078 1196 3146 semper
1214 3061 1299 3114 simili
1318 3075 1358 3112 ra-

266 3138 339 3186 tione
358 3133 422 3185 orba
449 3133 695 3196 northusensis,
716 3141 743 3184 et
767 3137 886 3186 carentia
912 3151 943 3186 se
961 3135 1086 3186 invicem.
1130 3136 1168 3186 ait
1193 3135 1265 3186 enirn
1284 3133 1357 3184 etiam

267 3206 411 3272 Gregorius
432 3204 592 3272 theologus:
614 3219 682 3271 quse
701 3205 847 3258 divinitatis
866 3205 1039 3273 imperfectae
1062 3205 1174 3270 utilitas,
1193 3207 1255 3257 sire
1274 3205 1357 3272 potins

266 3291 335 3346 quae
368 3283 409 3328 est
427 3276 567 3338 divinitas,
594 3289 662 3343 quae
685 3291 739 3326 non
758 3277 793 3328 sit
811 3277 946 3344 perfecta,
972 3279 1092 3343 perfecta
1121 3285 1210 3329 antem
1228 3274 1356 3344 quamodo

267 3361 327 3399 esse
345 3353 443 3412 potest,
463 3347 505 3397 cni
525 3346 595 3397 desit
618 3348 719 3416 aliquid
742 3349 774 3400 ad
791 3347 1007 3415 perfectionem?
1052 3349 1128 3402 deest
1147 3355 1234 3401 autom
1255 3347 1357 3398 omnino

265 3432 320 3470 nnn
339 3417 447 3470 habenti
465 3425 594 3480 ranetam,
613 3418 745 3485 quomodo
765 3427 852 3471 antem
870 3419 982 3485 hebeat,
1001 3421 1024 3472 si
1042 3419 1094 3472 hoc
1113 3435 1167 3472 non
1187 3417 1290 3471 hahet?
1319 3423 1358 3468 et-

267 3490 337 3541 enim
355 3491 378 3542 si
396 3488 449 3540 alia
473 3496 553 3557 atque
572 3489 624 3540 hoe
643 3497 683 3541 est
703 3493 843 3574 sanctim,
872 3507 904 3542 ac
931 3493 954 3542 si
972 3507 1024 3560 qna
1045 3505 1076 3543 ea
1096 3494 1249 3560 cogitator,
1269 3489 1356 3548 dicito,

266 3575 345 3630 qnae.
382 3569 409 3612 et
434 3575 544 3629 magnas
562 3561 694 3625 Basilina,
718 3564 741 3613 si
770 3563 945 3614 sanctificatio
965 3567 1006 3627 ei,
1031 3563 1137 3630 inquit,
1162 3569 1203 3615 est
1220 3564 1358 3612 nutrirent

265 3635 333 3702 patri
354 3641 381 3684 et
399 3631 465 3697 iiiia,
485 3631 616 3716 quomodo
634 3635 731 3684 tertiae
752 3641 792 3685 est
810 3641 837 3684 et
854 3635 960 3686 alienae
979 3632 1127 3708 naturae?
1139 3643 1166 3685 et
1186 3647 1292 3695 rorans,
1310 3630 1356 3681 bo·

265 3719 314 3756 nos
334 3713 383 3770 est,
403 3705 499 3772 inquit,
521 3705 629 3770 spiritns
648 3712 677 3755 nt
695 3705 780 3756 bonus
799 3713 875 3772 pater
900 3713 927 3757 et
944 3706 1062 3758 bonus'
1055 3722 1078 3758 rs
1098 3683 1143 3774 qni
1165 3719 1199 3756 ex
1217 3703 1289 3755 bono
1310 3715 1357 3768 ge-

266 3784 374 3828 meratus
394 3784 452 3839 est,
472 3777 614 3828 essentiam
634 3775 734 3826 habens
753 3776 907 3828 bonitatem.
945 3777 1021 3829 vides
1036 3792 1091 3828 non
1110 3779 1242 3828 divertam
1261 3790 1278 3826 a
1295 3775 1356 3824 sim-

267 3845 331 3913 plici
361 3855 388 3897 et
406 3811 497 3898 dir6ina
515 3849 632 3898 essentis
658 3862 717 3899 esse
736 3848 901 3900 sanctitatem
930 3855 959 3900 et
977 3848 1119 3900 bonitatem
1144 3855 1171 3898 et
1190 3845 1356 3898 efficientiam

268 3926 295 3968 et
313 3915 386 3980 talia,
406 3917 453 3968 sed
473 3919 591 3970 eandem.
631 3917 702 3986 elige
722 3919 805 3987 igitur
825 3927 932 3986 utrum,
951 3935 967 3971 ο
986 3919 1116 3988 theologe
1134 3933 1216 3982 nore,
1235 3916 1356 4000 impieta-

266 3996 320 4040 tem
339 3987 435 4051 maiis3
454 3988 518 4040 talia
538 3991 624 4054 enim,
650 4005 699 4057 per
717 4005 747 4040 se
766 3991 882 4042 invicem
907 3993 1012 4043 detecta
1032 4000 1058 4042 et
1086 3997 1179 4042 contra
1197 4005 1227 4042 se
1245 3989 1355 4040 invicem

267 4059 412 4128 pugnantia
438 4059 487 4110 tibi
512 4061 626 4112 aderunt
654 4061 805 4114 barathrum
830 4063 961 4132 dogmatis
986 4061 1087 4116 nuliius
1111 4063 1155 4114 dei
1175 4068 1202 4112 et
1219 4058 1355 4110 multorom

267 4133 385 4185 deornm.
423 4130 552 4182 dissimile
573 4133 689 4184 enimin
709 4133 829 4199 plurimis
856 4135 958 4203 detegit
981 4136 1162 4188 diversitatem
1182 4139 1209 4183 et
1230 4128 1355 4183 dissocia-

266 4205 367 4260 tionem
385 4201 537 4270 multorom,
556 4203 651 4273 dogma
670 4213 757 4258 sotem
775 4205 917 4262 multorum
935 4207 1045 4262 deornm
1064 4221 1123 4260 cnm
1142 4210 1291 4262 concretam
1309 4199 1355 4252 h·-
