2872 4784
220 357 441 428 ιιιιτοιιιιιι
469 357 726 426 ιιιιιιτιιιλιι
746 359 841 426 xxx.
868 341 1054 429 57-59.
1114 351 1187 429 309

87 528 145 591 ιιαί
165 530 272 608 ψιλοῖς
292 525 456 608 λατρεύειν
477 521 644 606 σ’νόγιασιν,
667 520 759 588 ὁποία
781 522 837 587 καί
865 517 938 598 τοός
966 525 1020 607 τῆς
1043 529 1186 590 Πλατα.

85 629 177 710 νιιιῆς
197 627 291 700 σιοός
307 629 361 689 ναί
380 623 577 708 Ἀκαδημίας
612 609 793 709 φόοκοντας
823 620 915 702 ἴομεν
938 629 1015 707 περί
1036 647 1069 689 τε
1088 626 1188 708 γενόν

83 726 142 789 καί
157 727 262 803 εἰδῶν,
287 727 341 790 κατ’
361 725 393 788 εἴ
406 747 488 800 τινες
503 719 565 800 εἶεν
586 727 620 790 εἰι
641 725 703 787 τεόν
725 715 855 807 ὕστερον
870 716 976 790 ἄλλοτ’
999 717 1104 801 ἄλλως
1125 724 1188 788 αό-

83 834 154 900 τσϊς
176 820 439 910 ιγίιολσνθιγιιότισν
458 827 643 906 Βογομιλων
673 826 728 887 τισί
759 823 955 906 Μανιχαίιον
985 828 1040 888 καί
1063 829 1187 890 Μασα-

54 929 205 990 nataret
226 925 509 1012 ιιιιίΕιίνομιανῶν,
535 919 590 1000 οὓς
613 925 668 988 ναί
689 925 735 998 είς
758 929 839 1007 μέγα
852 929 1073 1010 παραπληξίας
1087 923 1187 990 6666·

83 1048 152 1089 νειν
185 1023 201 1090 ό
238 1027 336 1107 μίγας
368 1029 449 1110 φησί
479 1025 647 1099 Βασιλειος
681 1019 786 1108 οἵσπερ
817 1021 977 1108 τοινότιγτό
1006 1048 1076 1090 τινα
1094 1023 1187 1113 Χλόγρι

81 1125 173 1212 μόνῳ
194 1124 377 1209 θεωρητόν,
414 1122 446 1189 όν
469 1126 601 1213 ον’όεμίρ
622 1124 793 1190 όποστόσει
815 1121 848 1188 τό
869 1116 950 1188 εἶναι
970 1121 1119 1206 ἔχουσαν,
1142 1127 1311 1202 alchuin·

82 1222 124 1288 τό
149 1221 340 1306 όποιιείμενα
371 1231 568 1307 θεωρεῖσθαι
591 1226 772 1311 φάσκοντας
802 1221 855 1290 τόν
874 1223 960 1288 θεόν.
1003 1226 1071 1290 o'tt’
1093 1219 1188 1291 όιιονι
1263 1271 1268 1280 ·
1377 1281 1381 1290 .

81 1323 196 1390 λοιπόν
226 1333 262 1388 τί
292 1350 389 1411 φησιν
416 1321 513 1403 αὖθις
546 1322 562 1389 6
587 1325 681 1403 αότός
715 1331 814 1410 μίγας
836 1323 1006 1404 Βασίλειος
1036 1329 1111 1411 περί
1132 1330 1188 1411 τῆς

37 1437 71 1490 10
81 1423 244 1510 ἐνεργείας
266 1429 345 1489 θεοῦ
365 1431 419 1509 τῆς
442 1426 602 1507 αἰιτίστον,
624 1425 667 1501 σός
688 1421 742 1490 ἕπτ’
761 1429 815 1508 τῆς
844 1422 946 1510 όπλῆς
977 1430 1032 1492 ιιαί
1053 1423 1187 1507 όοσογιό-

79 1550 139 1591 τον
165 1528 295 1613 φόοιως
316 1530 372 1591 τόν
394 1527 491 1591 αι’τόν
512 1529 602 1610 λόγον
624 1524 803 1610 ἐπιδέχεται
824 1527 1000 1611 ἤι’νίργεια
1019 1532 1057 1614 τῇ
1079 1527 1185 1615 ον’σίιγ.

185 1629 268 1692 Ἐπεί
287 1631 316 1691 6’
337 1628 354 1692 6
374 1633 430 1713 τῆς
451 1622 561 1702 οόσίας
582 1621 656 1712 όρος
683 1628 737 1691 ιιαί
765 1625 855 1710 λόγος
881 1625 1008 1714 (ταότόν
1028 1624 1089 1711 γόρ
1113 1623 1253 1711 όραςῦθ
1343 1655 1349 1662 ’

81 1733 138 1793 ιιαλ
162 1727 267 1812 λόγος)
293 1729 425 1812 πρᾶγμά
451 1725 536 1793 ἐστιν
567 1729 807 1810 αόθόπαρντον,
836 1727 881 1812 μὴ
906 1725 1057 1810 δεόμενον
1076 1725 1186 1813 ἓτίροο
1217 1733 1220 1740 ’

80 1830 164 1914 πρὸς
187 1824 341 1912 όπαρξιν,
368 1828 416 1915 εἴιγ
445 1823 483 1893 όν
512 1832 636 1906 πάντας
664 1833 718 1893 καί
750 1827 766 1892 6
791 1832 846 1912 τῆς
868 1833 1024 1912 ἐνεργείας
1056 1827 1185 1912 λόγοςό

36 1951 69 2004 15
81 1929 194 2011 αι’τός,
214 1925 274 2027 κόν
293 1939 357 2006 τοῖς
371 1927 505 2010 ὀνόμασι
526 1932 716 2015 διαφέρωσι,
741 1933 869 2015 πρᾶγμα
885 1926 1111 2052 αόθόπαργτον
1126 1931 1187 2013 δη-

3 2085 6 2088 .
80 2028 187 2115 λαιλὴ,
217 2058 261 2150 μιγ
295 2031 445 2112 δεόμενον
476 2027 585 2115 ἑτέρου
607 2027 686 2115 πρός
708 2026 851 2113 όπαρξιν.
904 2025 990 2095 oiim
1010 2027 1071 2112 γόρ
1095 2029 1184 2096 ιιαιό

81 2137 141 2216 τῆς
164 2131 352 2250 ταντότητιγς
374 2131 511 2209 σοόζεται
535 2131 646 2250 λόγος,
669 2132 713 2207 αἱς
735 2135 790 2196 ιιαί
811 2130 826 2196 6
856 2131 913 2214 τ’ἢς
934 2127 1121 2216 α’λιγθειαςς
1108 2153 1186 2212 ομο-

81 2232 231 2358 λαγιγτγγς
240 2231 410 2352 σοφώτατα
431 2231 676 2318 μεμαρτόριγιιε,
700 2230 903 2314 Θεόιλοιροςι
886 2257 902 2296 ο
927 2235 958 2298 Γ
957 2233 1114 2316 ραπτος,
1115 2229 1205 2304 ‘⁰6-

81 2359 148 2410 ταις
172 2323 231 2398 όν”
250 2335 355 2419 φήσας
372 2333 532 2414 ευσεβιυς
547 2331 715 2418 νοηθειιγ
695 2360 715 2418 ιγ
738 2357 796 2414 μιν
811 2337 882 2399 θεια
906 2336 1047 2418 ἐνέργεια
1070 2334 1186 2412 α’ίδιος,

37 2438 208 2517 νομιῖλλον
237 2433 266 2498 6’
296 2431 520 2552 αότενλργεια,
551 2437 594 2523 τιγῖ
628 2433 672 2518 μίγ
707 2437 878 2515 διωρίσθαι
911 2436 964 2516 τῆς
996 2429 1108 2509 οόσιας
1129 2434 1187 2518 τὴν
1277 2423 1284 2428 “

82 2539 268 2618 ἐνέργειαν,
298 2534 377 2598 ἄλλό
411 2531 463 2598 τόν
488 2532 585 2601 αι’τόν
618 2537 709 2618 λόγον
740 2537 948 2618 ἐπιδέχεσθαι
967 2531 1030 2621 [oui
1053 2536 1109 2617 τίγν
1130 2539 1187 2619 τῆς

82 2635 190 2720 ἁπλῆς
210 2639 266 2700 καί
285 2636 456 2718 α’σιομότον
492 2635 620 2758 φόσεοως
641 2635 817 2722 ι’διότιγτα.”
871 2637 926 2700 καί
945 2636 1040 2700 πόλιν
1058 2634 1187 2722 ’Ἕτερον

84 2957 143 2996 non
162 2947 212 3004 eet,
234 2946 261 2990 et
277 2939 348 2991 nuda
364 2939 474 2991 nomina
493 2937 576 3005 oniae,
596 2939 686 3008 qualia
705 2939 783 2992 etiam
797 2937 952 2994 Platonicos
972 2945 999 2992 et
1010 2937 1186 2994 Academicos

3 3011 5 3018 '
84 3016 182 3067 dicere
200 3011 298 3063 acinano
317 3011 349 3063 ιλο
366 3009 512 3079 generibus
533 3018 559 3063 et
577 3011 687 3076 formis,
714 3019 740 3063 et
758 3013 780 3064 ai
799 3013 844 3080 qni
863 3019 926 3064 aunt
946 3026 979 3063 ex
997 3012 1049 3074 iia,
1069 3011 1115 3079 qni
1133 3026 1187 3079 po-

85 3095 147 3138 etea
166 3083 233 3135 aliae
259 3082 339 3134 aliter
358 3097 405 3135 eoo
431 3083 536 3150 eoqunti
556 3091 638 3148 eunt,
658 3083 807 3152 Bogomilia
834 3083 956 3134 nimirum
977 3091 1004 3134 et
1024 3048 1186 3136 ii’anichaeit

86 3166 114 3209 et
137 3154 289 3208 iiaoaiianis
318 3161 345 3204 et
361 3153 550 3218 Eunomianio,
578 3169 644 3222 quoa
670 3157 748 3206 etiarn
776 3169 872 3224 magna
899 3155 1002 3206 insania
1029 3151 1186 3221 perturbare

85 3227 156 3280 dicit
173 3239 284 3292 magnus
295 3223 410 3276 Basilina
430 3190 553 3292 ianqnar6
572 3241 711 3277 commune
726 3241 811 3294 genua
830 3226 970 3294 qnoddum,
990 3226 1060 3294 qnod
1080 3225 1186 3278 natione

85 3298 150 3350 oola
167 3296 284 3363 perspici
303 3297 397 3380 poenit,
416 3296 443 3346 in
463 3296 538 3348 nuiia
557 3296 704 3350 aubatantia
724 3299 866 3349 cosentiam
886 3297 1000 3361 habeat,
1019 3313 1077 3348 cnm
1097 3296 1187 3349 dicant

86 3369 195 3420 denm
188 3383 215 3418 ιο
233 3367 378 3434 suppositio
397 3369 525 3434 perspici.
563 3369 609 3420 aed
630 3370 746 3436 accipian
765 3370 816 3420 iam
837 3369 899 3437 quid
918 3370 988 3421 dieat
1006 3385 1097 3420 rorone
1116 3368 1185 3420 idem

85 3439 206 3493 Baoiiino
225 3453 334 3506 magnus
365 3438 397 3489 de
417 3439 562 3490 oiiicientia
580 3440 623 3490 dei
647 3441 781 3492 increata:
800 3441 827 3491 in
847 3440 962 3508 simplici
982 3450 1008 3493 et
1026 3443 1186 3508 incorporea

84 3519 184 3564 natura
206 3510 315 3561 eandem
335 3525 393 3560 oum
414 3511 529 3562 essentia
548 3511 676 3562 rationem
697 3512 795 3578 accipit
814 3511 968 3563 eiiicientia.

192 3607 321 3672 Quoniam
340 3615 427 3658 antem
448 3607 581 3658 eaaentiae
600 3607 719 3659 definitio
740 3615 767 3658 et
784 3609 852 3660 ratio
873 3607 957 3676 (idem
977 3607 1045 3658 enim
1065 3606 1185 3658 definitio

88 3688 116 3731 et
136 3678 219 3746 ratio)
247 3693 291 3729 res
321 3687 361 3729 eet
386 3677 567 3729 substantialia
593 3694 662 3746 qnae
687 3693 740 3730 non
770 3686 848 3745 egeat
875 3679 928 3730 alia
953 3677 985 3729 ad
1004 3677 1193 3743 substantiam,-

89 3751 199 3804 omnino
218 3763 273 3800 non
288 3755 378 3818 potest
410 3765 469 3801 oeae
489 3751 567 3801 etium
587 3749 749 3802 efficientiae
772 3751 841 3801 ratio
861 3764 915 3800 non
941 3749 1031 3800 eadem
1060 3749 1139 3801 etiam
1158 3750 1186 3802 in

88 3820 243 3875 nominibus
264 3821 388 3883 diversis,
407 3837 450 3872 reo
469 3821 591 3873 nimirum
611 3819 794 3875 substantialia
819 3837 888 3890 quae
911 3835 964 3872 non
985 3827 1064 3888 egeat
1082 3819 1135 3873 alia
1154 3821 1186 3874 ad

89 3892 279 3946 substantiam.
298 3893 336 3942 ita
356 3892 424 3942 enim
438 3895 515 3944 etinm
528 3893 644 3944 eiusdem
658 3894 767 3962 generis
779 3894 846 3944 ratio
866 3899 996 3956 servatur,
1017 3892 1087 3960 quoti
1107 3896 1186 3946 etiam

90 3963 215 4016 veritatis
234 3961 373 4014 confessor
381 3965 607 4048 sapientissime
607 3971 718 4016 testatae
744 3972 783 4015 oet
800 3964 953 4016 Theodorus
974 3963 1105 4031 Graptus,
1128 3979 1186 4016 oum

89 4037 172 4099 dicat,
193 4033 245 4084 hoc
264 4033 340 4084 modo
361 4035 406 4100 pie
426 4036 539 4102 cogitari
567 4044 647 4120 ροισι
674 4037 765 4088 divina
783 4035 930 4088 efficientia
958 4043 999 4086 eet
1016 4037 1187 4102 oempiterna,

90 4109 150 4158 nive
170 4105 259 4172 potina
278 4105 337 4172 ipsa
355 4106 509 4172 efficientia,
529 4109 656 4176 quianon
676 4107 801 4159 distincta
821 4115 861 4158 eat
880 4107 912 4159 ab
932 4108 1047 4158 eaaentia
1064 4107 1188 4158 eiiicien-

91 4180 140 4242 tia,
164 4177 209 4228 aed
233 4177 342 4228 eandem
363 4177 493 4229 rationem
513 4179 611 4247 occipit
624 4186 732 4248 propter
752 4177 882 4264 simplicio
897 4186 924 4230 et
941 4179 1117 4246 incorporeae
1136 4190 1188 4230 na-

92 4257 173 4302 turae
194 4248 397 4318 proprietatem
436 4256 463 4302 et
481 4265 572 4306 ιιιιιοι
587 4249 658 4305 aliud
672 4266 731 4306 oaae
751 4251 908 4317 essentiam,
928 4249 1000 4305 aiind
1019 4247 1189 4304 efficientiam
