2862 4784
183 213 406 372 maronias
433 271 690 382 aminnium
717 276 813 343 xxv.
842 253 1031 344 ur-ea.
1121 271 1169 346 53

68 469 114 512 ττι
132 439 285 527 ναυάγιον
298 519 302 526 p
315 441 397 524 μετά
416 437 473 526 τὴν
493 435 621 524 μακράν
648 440 768 522 ἐκείνην
798 435 967 523 ἐληλυθότι
987 435 1169 524 θάλασσαν,

69 543 217 630 δεότερον
238 546 266 608 δ’
289 543 307 628 ἦ
327 545 389 610 τῶν
413 541 555 623 πατρίων
577 543 631 624 τῆς
645 544 701 603 τοῦ
716 541 793 604 θεοῦ
815 536 980 626 ἐκκλησίας
1001 539 1170 625 δογμάτων

68 649 262 727 κατάλυσις,
294 649 334 710 δι’
363 641 403 730 ἢν
428 642 605 726 α’ρχόμονον
627 637 674 706 ἔτι
696 641 842 724 καθάπερ
875 640 1019 726 όψιγενὲς
1040 645 1074 708 όν
1092 642 1169 733 ληίφ

68 749 212 828 ζιζάνιον
235 745 389 831 φύεσθαι,
412 745 467 808 κατ’
488 736 556 822 άμα
576 745 637 807 σοῦ
654 741 834 826 προαγορεό
857 765 927 820 ντος
947 743 1072 808 α’κοόων
1092 748 1169 824 μὲλ-

45 855 135 914 5λειν
161 849 204 910 δι’
225 842 342 911 ἔκτισιν
356 843 525 930 άμαρτιοῖν
545 851 723 926 συγχωρεῖν
737 841 791 907 τόν
813 765 981 909 {texant
997 847 1053 925 τῆς
1078 842 1169 928 ἡμῶν

70 947 237 1030 εὐσεβείας
260 947 410 1030 διωγμόν,
427 945 481 1008 καί
502 941 708 1028 ’ξυννενορκοός
733 941 832 1020 arisbe
848 941 987 1026 ἐμαυτόν
1010 945 1051 1008 ου’
1071 945 1170 1028 δυνιγ-

71 1047 204 1130 σάμινος
228 1045 334 1130 οἴσειν,
360 1043 464 1131 φυγάς
486 1043 655 1128 ἐθελοντὴς
678 1047 702 1084 ”
722 1045 891 1128 γεγένημαι
912 1046 968 1127 τῆς
990 1047 1068 1128 ἐμῆς
1090 1069 1170 1110 ταυ-
1180 1054 1199 1111 i.
1220 1054 1269 1112 107
1281 1055 1308 1110 b.

71 1147 146 1232 τηοό
166 1148 317 1232 πατρίδος
339 1143 486 1232 ἐφ’·όλην
507 1139 568 1230 ἤδη
589 1147 793 1210 εἰκοσαετιόν.
848 1143 916 1210 εἴθε
938 1148 967 1210 δ’
986 1143 1032 1210 ἔτι
1054 1169 1172 1229 προσε-

32 1303 38 1314 ,
70 1252 181 1314 τίθετο
203 1251 257 1313 καί
288 1251 406 1314 πλείων
434 1245 548 1331 χρόνος
575 1249 613 1334 τῇ
631 1249 728 1335 φυγῇ.
772 1245 843 1311 ἄλλ’
874 1249 984 1332 ε’χρῆν,
1010 1244 1053 1321 σός
1074 1243 1168 1326 ἔοικε,

30 1363 61 1416 10
70 1345 239 1426 θαλάσσας
260 1351 433 1414 θαλασσοόν
455 1342 656 1424 ἀλλάξασθαι
677 1350 859 1432 βιαιοτέρας
879 1351 983 1437 πολλρλ
1005 1351 1068 1412 τιόν
1090 1347 1171 1414 άπε-

70 1453 201 1532 ρορίων.
245 1448 418 1522 πλείστους
448 1445 510 1533 γάρ
548 1451 581 1511 δν
615 1449 764 1537 α’λλοτρίρι
796 1446 912 1524 τόπους
934 1448 1094 1516 διελθόντι
1119 1451 1174 1520 κατ’

70 1550 220 1633 πλείστιγν
242 1553 491 1638 περαιωσαμένφ
517 1545 703 1629 θάλασσαν,
735 1548 897 1626 τοιαόταις
917 1543 1006 1616 οόπω
1038 1557 1094 1616 καί
1114 1539 1171 1618 νόν

70 1651 312 1733 ἐντετυχηκέναι
341 1650 519 1730 θαλάσσαις
549 1649 778 1728 ξυνεπειττοόκει
800 1673 873 1730 μοι,
896 1645 949 1716 ότι
977 1656 1098 1732 μᾶλλον
1119 1657 1199 1718 καί·

71 1745 134 1836 όιιγγ
162 1755 286 1830 μᾶλλον
309 1746 518 1816 α’νωπνεάσειν
550 1747 842 1839 τμήδην-ἐπανιών.
905 1753 991 1816 πᾶσα
1019 1757 1079 1834 μὲν
1110 1753 1172 1838 γάρ

30 1865 61 1918 15
72 1855 176 1935 ε’κείνιγ
195 1849 342 1916 θάλαττα
374 1855 428 1916 καί
450 1851 574 1917 κλάδων
597 1845 684 1924 ἅπας
714 1847 783 1914 ἐκεῖ
802 1851 948 1932 στόματος
969 1855 1090 1936 η’πειλτι
1114 1855 1173 1920 θά-

71 1975 179 2033 νατον,
202 1942 243 2014 οὗ
261 1951 318 2037 τὴν
336 1949 454 2038 ἔφοδον
483 1955 538 2016 κατ’
559 1952 688 2038 φάσεως
717 1947 876 2028 άθάνατος
893 1957 1002 2039 ψῆφος
1021 1951 1174 2036 ἐνομοθέ-

72 2077 151 2140 τησε
179 2049 354 2136 πρότερον·
407 2049 435 2117 οἱ
466 2055 501 2117 δὲ
533 2057 596 2119 τοόν
619 2056 717 2118 θείιον
752 2050 917 2136 δογμάτων
938 2057 1096 2137 χειμοόνες
1120 2061 1175 2121 καί

71 2156 230 2231 κλόδωνες
262 2152 426 2219 α’θανάτου
459 2159 566 2238 ψυχῆς
599 2156 841 2238 ἐπαγγέλλονται
870 2153 1030 2235 θάνατον,
1063 2150 1174 2240 ἥκιστα
1294 2239 1297 2248 Α

73 2261 176 2340 πέρας
208 2254 302 2320 οὐδὲν
333 2255 460 2344 οὐδαμῇ
485 2260 553 2320 ποτ’
586 2258 719 2339 ἐνεγκεῖν
742 2257 926 2338 δυνάμενον.
970 2261 1073 2322 καίτοι
1097 2259 1239 2335 odei„

28 2363 63 2416 20
73 2356 241 2440 πόρρωθεν
255 2349 323 2419 οὐδ’
337 2351 433 2430 αὐτὸς
449 2357 510 2420 τῶν
525 2357 676 2423 τοιοότων
686 2357 833 2437 κυμάτων
849 2359 962 2434 τελέως
973 2353 1104 2442 οἰνὴκοος
1123 2350 1173 2442 ἢν.

74 2453 158 2522 (tetri
182 2459 224 2538 μέ
248 2481 295 2533 τις
317 2456 485 2522 ὖπδσαινεν
507 2451 593 2538 όμως
616 2457 713 2542 ἐλπίς,
732 2457 933 2542 μεμνημένον
960 2460 1017 2542 τῆς
1036 2459 1114 2544 πρός
1137 2463 1175 2526 od

74 2559 130 2623 τοῦ
150 2559 308 2640 βασιλέως
330 2563 440 2644 φιλίας
471 2560 525 2623 καί
550 2561 612 2625 τιόν
644 2556 763 2644 νόκτωρ
787 2559 934 2641 τισόμεθ’
957 2560 1080 2645 ἡμέραν
1101 2557 1176 2642 ὁμι-

79 2863 162 2918 quum
181 2855 255 2899 mere
273 2845 340 2900 iilud
347 2853 451 2900 restem
470 2861 627 2916 permensus
646 2861 749 2913 esscnr3
771 2849 1013 2902 secundumautern
1031 2849 1178 2915 patriorum

78 2923 237 2988 dogmatum
259 2917 392 2970 ecciesiae
410 2918 453 2970 dei
475 2921 597 2982 eversio;
618 2935 695 2988 quem
717 2935 796 2988 quum
816 2922 891 2988 quasi
901 2919 996 2972 lolium
1013 2920 1041 2972 in
1059 2935 1178 2974 arrose-

80 2993 198 3044 rorinnm
221 2989 311 3042 enasci
333 2997 500 3056 coeptsutem
522 2992 640 3044 viderem
660 2999 739 3061 atque
759 2999 787 3042 te
805 2991 1178 3059 audirempracnuntiantem,

81 3066 152 3126 iore,
172 3069 202 3114 ut
224 3061 289 3115 dens
308 3077 356 3129 pro
375 3071 545 3130 peccatorum
567 3063 684 3115 vindicta
703 3064 918 3130 persecutionem
937 3071 1045 3115 nostrae
1062 3063 1180 3132 religio.

80 3137 124 3188 uis
146 3133 309 3198 admitteret,
329 3149 363 3185 ex
382 3133 431 3184 hac
449 3149 508 3185 mea
527 3135 622 3202 petria,
644 3135 715 3203 quod
735 3135 761 3186 id
779 3149 820 3186 me
838 3133 955 3186 tolerare
973 3149 1114 3201 nonposse
1134 3135 1180 3185 in.

81 3203 250 3274 teiligebem,
272 3220 320 3272 per
340 3205 459 3274 integros
475 3207 574 3274 uiginti
598 3221 681 3258 annos
691 3207 821 3273 profugus
843 3206 914 3274 degi.
952 3205 1051 3257 utinam
1072 3205 1180 3274 longius

82 3278 163 3329 etiam
182 3283 288 3344 tempus
310 3275 390 3344 iuqae
409 3277 581 3329 addidissem!
625 3278 672 3330 sed
693 3277 836 3342 debebam,
858 3286 887 3329 ut
907 3278 1030 3342 uidetur,
1057 3276 1181 3330 fluetibus

82 3349 181 3402 fluctus
202 3347 286 3399 multo
308 3349 460 3416 peregrinis
480 3349 646 3402 saevioribus
672 3357 831 3416 permutare.
875 3364 1031 3418 quamquam
1057 3349 1127 3401 euim
1153 3352 1182 3401 in

82 3419 207 3487 piurimis
229 3418 326 3470 alienis
346 3419 414 3471 locis
434 3422 621 3488 peregrinatus
644 3420 809 3490 plurimaque
828 3423 909 3472 marie
928 3429 1095 3472 transvectus
1115 3435 1181 3483 aum,

82 3505 215 3558 nusquam
237 3497 333 3556 tamen,
353 3492 380 3542 in
397 3492 466 3544 tales
486 3491 581 3544 fluctus
600 3493 691 3556 incidi,
713 3493 806 3560 quales
825 3492 868 3544 hic
888 3493 973 3544 coorti
982 3501 1052 3556 sunt,
1074 3505 1181 3558 quora-
1282 3488 1286 3506 ⁸

83 3577 181 3614 versus
197 3576 270 3613 nuno
292 3577 368 3630 quum
388 3565 503 3615 manime
521 3571 751 3616 merecrenturum
765 3581 824 3616 esse
841 3565 989 3631 sperabam.
1012 3563 1100 3614 omnia
1112 3565 1183 3619 enim

82 3637 135 3686 ista
153 3633 238 3684 meria
260 3647 405 3702 omnesque
425 3637 471 3688 isti
491 3635 586 3688 fluctus
606 3637 726 3701 corporis
743 3643 854 3687 mortem
867 3637 1031 3697 minitantur,
1051 3634 1125 3684 cuius
1137 3635 1182 3684 in.

83 3719 197 3773 gressus
213 3707 303 3756 etiam
329 3714 440 3758 naturae
469 3707 610 3759 immortali
635 3709 744 3759 decreto
773 3707 928 3774 praefinitus
951 3714 1003 3769 σοις
1032 3711 1182 3762 sauctorum

83 3783 175 3828 nutem
202 3777 352 3846 dogmatum
379 3785 550 3846 tempestates
570 3787 650 3846 atque
671 3778 809 3845 procellne
828 3776 983 3830 immortalis
1003 3773 1107 3828 animae
1132 3777 1182 3830 de.

83 3849 217 3899 nunciant
235 3856 357 3914 mortem,
376 3865 444 3918 qune
463 3849 564 3902 nullum
584 3865 698 3917 unquam
717 3851 796 3902 iincm
816 3850 904 3900 sortiri
915 3850 1007 3917 possit.
1027 3865 1183 3919 quemquam

82 3927 175 3971 nutem
196 3927 284 3972 tantos
303 3919 398 3974 fluctus
422 3921 466 3974 bic
486 3923 615 3974 excitatos
633 3937 693 3972 esso
710 3937 745 3973 ne
767 3920 859 3992 prbcul
880 3922 984 3989 quidem
1004 3921 1083 3989 plane
1101 3921 1183 3988 igno.
1281 3931 1283 3936 ’

83 3991 187 4055 rabum,
207 4005 270 4058 spes
288 3999 376 4043 tamen
394 3993 531 4046 admodum
550 3993 646 4045 blande
665 4007 707 4043 me
726 3997 821 4059 tenuit,
840 4009 918 4062 quum
940 3995 1095 4046 recordarer
1116 3994 1184 4044 ami.

84 4064 185 4126 eitiae,
212 4077 281 4130 quae
313 4071 400 4114 tecum
421 4065 575 4132 imperatori
606 4065 804 4130 intercederet,
836 4065 1090 4133 consuetudinisque
1110 4063 1200 4128 iilius,

87 4142 239 4187 nocturnae
262 4143 288 4186 et
309 4135 429 4201 diuruuc,
449 4151 523 4205 quam
547 4151 646 4190 summa
666 4137 1084 4206 cupiditateardentiquexunimo
1098 4143 1185 4187 tecum

90 4215 247 4272 exerceret,
269 4207 421 4276 priusquam
440 4209 471 4261 ad
493 4207 588 4262 solium
609 4209 806 4276 imperatorium
828 4217 938 4263 evectus
958 4217 1039 4275 essct,
1058 4211 1137 4277 atque
1158 4211 1188 4257 ut
