2872 4780
217 319 439 390 nrsronmn
466 315 724 384 νττλιιτιττλιι
742 299 994 390 narni-9.
1121 299 1168 376 τε
1230 311 1246 338 ·

66 487 112 574 μὴ
132 483 217 555 εἶναι
247 485 408 570 δήπουθεν
435 479 544 546 καινόν
572 479 603 544 εἰ
629 485 851 564 περιφρονοῖτο
870 477 958 540 τοῦθ’
990 475 1051 562 ὑφ’
1081 472 1171 559 ἡμῶν

66 591 111 667 οδς
134 593 238 655 ἐκεῖνο
260 586 358 650 πύλαι
391 592 455 659 τοῖς
489 590 659 668 φονευταῑς
688 578 856 651 Ἰουδαίοις
884 575 1014 642 ἐκείνου.
1058 578 1092 642 ἓν
1112 579 1172 658 μὲν

67 691 107 776 δὴ
130 690 226 754 τοῦθ’
249 683 356 751 ίιιανὸν
386 683 440 749 ἐπί
474 681 530 758 τύς
551 681 678 763 πρώτας
709 679 814 753 αἰτίας
836 679 891 742 καί
919 675 1088 760 διαλήψεις
1110 679 1171 740 τῶν

66 794 207 878 α’φαναῖν
238 784 496 872 ἀρρωστημάτων
527 787 582 866 τῆς
615 781 734 846 ἐκείνου
763 782 873 862 ψυχῆς
907 778 1081 862 α’ναφὲρειν
1112 797 1171 840 σον

40 891 127 974 {urps
164 885 309 954 διάνοιαν
335 889 390 950 καί
421 883 593 967 ἐπερείδειν
628 883 671 958 ὥς
703 879 756 944 ε’πί
783 881 921 968 θεμελίῳ
956 877 1011 953 τὰς
1042 875 1173 942 κατόπιν

69 989 213 1077 ἐφόδους
235 991 296 1052 τῶν
316 987 553 1067 ἀναλογισμῶν·
599 981 750 1062 δεύτερον
772 982 802 1044 δ’
816 975 862 1043 ὃτι
887 978 1062 1042 πολυθείαν
1078 977 1173 1058 ἐγκα-

66 1087 235 1172 λούμενος,
257 1086 414 1172 μηδὲγὰρ
434 1087 587 1160 Ἰουδαῖος
604 1081 742 1167 ἔφασκεν
762 1075 845 1145 εἶναι
865 1081 947 1164 μηδὲ
962 1080 1023 1142 τῶν
1040 1078 1173 1161 Ἰσμαη-

68 1195 170 1258 λιτῶν
189 1185 252 1268 εἷς,
283 1193 323 1255 ἵν’
344 1187 398 1252 ἕνα
420 1192 497 1276 σέβῃ
521 1182 606 1250 θεόν.
661 1180 722 1266 ἐγώ
747 1184 782 1247 δὲ
806 1187 860 1246 καί
881 1183 979 1244 πλειίο
1001 1181 1056 1244 καί
1072 1178 1172 1259 μείζιο

67 1298 234 1376 συνείρειν
256 1295 376 1358 τ’θέλοον
405 1293 461 1372 τῆς
492 1289 592 1373 αύτῆς
627 1285 765 1368 ἐχόμενα
786 1285 914 1364 κακίας,
934 1282 990 1347 καί
1017 1281 1173 1346 δεικνύειν

26 1409 58 1462 10
70 1398 132 1460 καί
157 1393 372 1458 α’νὶιλιτύσσειν
400 1389 535 1462 ὁπόσους
558 1389 614 1471 τῆς
638 1387 786 1468 ιίσεβείας
808 1387 955 1465 ταμιεύει
982 1381 1022 1448 τὰ
1045 1384 1172 1466 βραχέα
1196 1425 1200 1432 ·

72 1495 171 1560 ταντί
192 1491 396 1578 θησαυρούς,
420 1492 508 1555 δυοῖν
531 1492 622 1555 ἕνεκα
651 1487 808 1570 παρίημι,
831 1479 900 1560 ἑνός
922 1486 981 1566 μὲν
1002 1480 1049 1550 δτι
1072 1479 1173 1567 σοφός

67 1589 117 1658 τῶν
139 1596 195 1658 καί
217 1590 312 1670 αύτός
333 1596 468 1674 ξυνῆκας
489 1590 630 1664 α’κούσας
651 1589 761 1668 εύθύς,
782 1583 886 1675 γνιόσῃ
908 1589 938 1652 δ’
960 1577 1003 1650 αύ
1023 1583 1173 1650 τελειότε-

67 1719 128 1780 ρον
149 1701 218 1769 ταῖς
240 1693 359 1758 ἐκείνου
392 1696 514 1776 βίβλοις
542 1689 775 1773 ἐντετυχηκώς,
806 1691 956 1772 δευτέρου
979 1680 1080 1752 δ”ὅτι
1100 1707 1174 1750 και-

67 1795 129 1882 ρὸν
151 1796 281 1860 α’πιὲναι
302 1817 337 1857 σε
360 1793 461 1858 οἴκαδ’
484 1793 601 1872 οἷρτίοος
624 1787 823 1874 ἁρμόττοντα
853 1785 960 1870 οἴομαι
980 1781 1075 1864 εἶναι,
1099 1784 1174 1868 πρίν

24 1895 148 1971 lenonie
171 1899 273 1985 κύκλῳ
298 1893 460 1970 πανόπτας
485 1896 659 1959 αἰσθέσθαι
683 1891 737 1956 καί
758 1889 833 1966 τούς
863 1886 996 1975 πικρούς
1017 1891 1073 1972 τῆς
1096 1888 1174 1968 ἐμῆς

68 1999 318 2084 δεσμοφύλακας
341 1997 447 2081 τύχης.

176 2100 246 2163 Καί
269 2084 373 2161 ταύτα
398 2099 457 2177 μὲν
489 2098 601 2161 τοῦτον
630 2093 704 2177 ἔσχε
736 2093 943 2177 τὸυτρύνιον,
965 2090 1020 2156 καί
1041 2087 1057 2154 δ
1077 2087 1209 2164 καλὸςο
1274 2123 1279 2135 ·

64 2196 304 2282 Ἀγαθύγγελος
333 2202 456 2262 τοσαῦτ’
487 2197 585 2262 εἰπιδν
615 2199 670 2260 καί
704 2197 843 2272 αἰιούσας
873 2195 967 2284 α’πῄαι
993 2195 1016 2234 ‘¹
1038 2191 1203 2276 νύκτωρ,ί.
1224 2197 1312 2286 ttae

65 2299 210 2384 μηδενός
231 2301 293 2364 τῶν
313 2299 398 2378 ἐμῶν
427 2303 568 2364 διωκτῶν
600 2300 805 2379 αἰσθομένου.
855 2295 972 2384 χρόνον
1003 2299 1031 2360 δ’
1052 2297 1174 2360 ἐκεῖθεν

23 2402 277 2486 νοὲξαμηνιαῖον
311 2402 372 2466 α’νύ
396 2399 453 2485 τήν
484 2403 573 2466 πόλιν
599 2399 741 2494 ,ταυτηνί
764 2401 994 2486 διατετριφώς,
1029 2399 1084 2460 κατ’
1105 2401 1175 2461 Bu-

67 2505 209 2584 ζαντίοον
229 2512 293 2576 τοῖς
310 2503 513 2588 προύχουσιν
535 2503 592 2568 ἐπί
608 2525 642 2565 τε
676 2506 774 2593 σοφίᾳ
798 2505 852 2567 καί
882 2501 955 2590 δόξῃ
978 2491 1176 2582 συναναμιγέ

66 2601 205 2686 νύμενὸς
225 2627 257 2668 rs
279 2606 334 2668 καί
355 2601 475 2683 ὁμιλῶν
496 2604 638 2689 εύφυῶς,
659 2607 714 2668 καί
734 2613 796 2681 τοῖς
811 2601 886 2690 πρίν
908 2604 1113 2687 ηἰιουσμέτοις
1133 2597 1173 2667 τό
1198 2611 1207 2618 ”

70 2905 190 2962 corpore
213 2899 240 2946 et
265 2880 374 2944 niultum
400 2893 432 2945 ab
462 2906 494 2944 eo
513 2894 647 2946 diversum
667 2901 742 2961 putat
767 2907 855 2962 neque
883 2892 1005 2960 proiecto
1024 2895 1061 2946 ita
1081 2891 1175 2946 mirum

70 2982 156 3030 esse,
187 2965 210 3016 si
230 2962 281 3015 hoc
306 2980 322 3015 α
343 2965 424 3020 nobis
445 2974 645 3030 contemnatur,
666 2967 736 3017 sicut
759 2965 827 3017 illud
851 2964 981 3032 quondam
1008 2965 1041 3018 ab
1059 2965 1174 3032 ludaeis,

70 3037 176 3092 christi
196 3035 423 3094 interlectoribus.
445 3037 496 3089 hoc
511 3052 593 3088 unum
612 3037 712 3089 suflicit
731 3038 764 3090 ad
782 3038 879 3104 primns
900 3051 992 3089 causas
1012 3045 1038 3089 et
1055 3039 1184 3092 rationes'

68 3105 272 3162 reconditorum
291 3107 370 3160 animi
391 3109 516 3161 vitiorum
543 3109 732 3178 cogitationem
753 3115 823 3159 tuam
845 3107 947 3160 referre
966 3107 994 3159 in
1012 3110 1100 3177 iisque
1122 3125 1174 3161 ve.

70 3181 122 3233 luti
142 3181 172 3230 in
190 3179 360 3230 fundamento
386 3183 571 3248 insequentem
601 3180 852 3247 contemplationum
881 3181 1000 3231 ordinem
1028 3179 1172 3232 collocare.

71 3250 222 3304 secundum
244 3258 332 3301 autem
359 3251 567 3318 polythcismum
593 3253 643 3304 isto
673 3252 829 3317 advocavit3
855 3252 920 3303 dixit
947 3253 1034 3317 euim,
1065 3267 1095 3304 se
1122 3268 1174 3304 nec

71 3324 199 3376 iudaeum
220 3337 270 3373 nee
288 3321 449 3374 ismaelitum
469 3337 538 3386 esse,
558 3329 587 3373 ut
603 3337 683 3374 unum
703 3325 780 3374 deum
796 3323 909 3375 coleret.
931 3337 1087 3392 quamquam
1106 3329 1172 3376 veto

70 3395 153 3462 plura
171 3408 203 3443 ac
221 3393 330 3457 maiora,
350 3409 419 3460 quae
438 3395 470 3446 ed
486 3395 596 3446 eandem
612 3395 804 3462 improbitatem
826 3395 969 3463 pertinent,
988 3397 1092 3448 raierre
1111 3395 1174 3448 vel.

71 3468 125 3520 lem
148 3465 252 3533 tibique
263 3465 444 3517 demonstrare
463 3474 490 3518 et
505 3465 650 3532 explicere,
669 3475 793 3534 quantam
806 3467 981 3534 improbitatis
992 3465 1090 3518 molem
1106 3467 1173 3519 hsec

9 3567 18 3586 .
71 3551 158 3604 pauco
178 3536 206 3588 iu
226 3551 287 3588 sese
306 3536 435 3602 lanbcent,
463 3539 555 3588 omitto
574 3545 662 3588 tnmerr
678 3537 781 3588 ‹lnebus
802 3555 835 3588 ex
853 3539 961 3599 causis,
982 3539 1092 3604 primum
1111 3540 1174 3606 qui-

73 3611 144 3672 dem,
166 3607 237 3675 quod
257 3609 325 3676 ipse,
346 3622 398 3676 qun
423 3625 450 3660 cs
470 3609 610 3676 snpientia,
631 3609 656 3660 id
675 3610 762 3660 statim
782 3607 892 3659 audiens
915 3607 1073 3658 intellexisti
1095 3616 1175 3675 atquo

73 3683 225 3730 accuratius
249 3681 326 3733 etiam
349 3691 496 3748 cognosces
522 3678 598 3731 libris
623 3683 681 3732 eius
709 3679 854 3746 perlectis,
881 3677 995 3742 deinde,
1016 3677 1086 3746 quod
1105 3693 1175 3730 nune
1276 3718 1284 3731 .

75 3760 180 3817 temptas
203 3765 263 3802 esse
280 3747 406 3814 arbitror,
429 3744 533 3806 domum
552 3759 581 3802 ut
599 3751 690 3815 abens,
710 3751 863 3818 priusquam
882 3745 973 3800 oculei
993 3747 1176 3816 speculatores
1235 3763 1239 3770 ·

73 3823 250 3874 circumcirca
266 3823 389 3889 dispositi
409 3832 435 3874 et
454 3839 529 3876 meno
548 3823 629 3874 sortis
641 3824 731 3874 severi
751 3822 873 3873 custodes
892 3828 919 3872 te
938 3821 1158 3873 animadvertant.

171 3885 263 3960 “Atque
292 3888 358 3946 lineo
387 3895 492 3962 quidem
518 3895 555 3946 ita
579 3910 640 3952 sese
665 3894 806 3946 lrabebant.
861 3891 1177 3946 luonestissimusautem
1235 3903 1246 3919 ·

73 3953 294 4034 Agailtanpelus,
322 3970 401 4034 quum
430 3967 495 4017 haec
528 3966 640 4025 dixisset
671 3973 697 4016 et
722 3965 887 4027 audivisset,
906 3963 973 4016 abitt
991 3973 1082 4028 noctu,
1101 3964 1178 4016 nullo

75 4051 193 4086 meorum
215 4043 414 4102 persecutorum
441 4039 583 4091 sentiente.
621 4037 683 4088 dein
708 4052 756 4088 sex
782 4051 830 4102 per
856 4051 962 4088 meuses
990 4037 1018 4087 in
1045 4035 1094 4088 lunc
1112 4036 1178 4086 urbe
1286 4036 1292 4049 '

75 4108 254 4160 commoratus
274 4117 302 4159 ct
323 4125 380 4162 cum
403 4108 541 4174 Byuuutiis
570 4109 700 4174 sopicntiu
726 4123 756 4158 nc
774 4107 1042 4176 glorinsinsignibns
1060 4123 1179 4158 cornuor-

75 4187 147 4230 satus
168 4191 313 4247 eorumque
331 4181 526 4232 consuetudine
555 4181 623 4232 bene
645 4196 707 4232 usus
728 4195 807 4246 quum
836 4193 943 4243 eorum,
962 4187 1110 4248 quassante
1129 4193 1179 4229 au·
1231 4204 1244 4225 a

76 4250 182 4302 diverat
201 4249 314 4336 plurima
334 4252 361 4303 in
385 4253 504 4310 ordinem
530 4253 684 4304 continuum
703 4251 816 4331 manime
837 4261 963 4318 exparte
982 4250 1176 4320 congessisset,

689 4373 698 4404 q
741 4364 750 4378 ι
816 4358 826 4377 0
