2872 4784
205 289 427 360 arsroman
455 285 820 355 amianarum.
841 269 1029 359 ta-ta.
1105 279 1179 358 eoo

79 449 190 537 ὥσπερ
220 423 280 520 σύΙ
298 451 479 535 διαβύλλεις
512 445 646 538 ύνοίδην
676 455 902 536 συκοφαντῶνς
933 454 1179 538 χαρακτηρίζειν

76 559 140 636 μέν
164 552 227 639 γύρ
250 553 455 638 α’κηκύαμεν,
487 555 653 639 διαφέρειν
683 554 713 617 δ’
732 554 862 642 ου’δαμῆ
887 551 942 619 τύν
967 559 1057 618 θείαν
1075 545 1179 636 ἄνδρα

77 657 201 722 ἐκεῖνον
223 651 410 740 εύρίσκομεν
438 657 577 738 λέγοντα.
629 659 660 721 εἰ
689 658 724 720 δέ
754 653 788 718 τὸ
816 659 1061 741 χαρακτηρίζειν
1082 655 1179 732 αύτύς

79 758 158 822 α’ντί
178 760 235 822 τού
251 759 417 843 διαφέρειν
440 751 623 840 λαμβύνεις,
637 751 706 842 ίύρα
726 781 778 822 σοι
792 753 902 821 λοιπύν
923 756 979 822 καί
990 760 1180 841 χαρακτῆρα

51 860 142 922 oros
166 858 287 940 πατρύς
316 857 372 924 τύν
405 855 474 922 υἱὸν
506 861 561 942 τῆς
596 863 722 946 γραφῆς
753 853 898 922 ἀκούοντι
921 855 1085 942 λεγούσης,
1104 854 1179 922 δνύ·

80 981 177 1038 μονον
198 957 254 1024 τύν
277 957 347 1024 υἱὸν
366 959 409 1048 τῷ
434 963 533 1044 πατρί
553 960 719 1046 κηρύττειν
741 963 796 1024 καί
811 955 959 1024 α’νούσιον
981 959 1037 1024 καί
1049 960 1179 1046 σφόδρα

81 1054 243 1145 διύφορον
265 1059 322 1142 τῆν
342 1059 453 1146 φύσιν.
498 1063 568 1124 αλλ’
589 1060 632 1136 ὥς
654 1059 747 1143 ἔοικε,
771 1058 805 1126 τύ
830 1057 929 1147 φύσει
950 1057 1047 1125 κακόν
1067 1061 1111 1136 οὖς
1130 1061 1181 1126 εί-

80 1169 175 1240 πεῖν,
210 1166 264 1226 καί
282 1160 319 1226 τὰ
351 1162 405 1246 τῆς
426 1165 570 1238 διανοίας
601 1156 686 1242 ύπαξ
712 1167 822 1247 καίρια
855 1159 1020 1246 νενοσηκὸς
1041 1160 1097 1226 καί
1117 1165 1181 1227 τοῖν

32 1303 42 1316 ·
79 1266 182 1325 θείων
204 1265 390 1349 ἐπισφαλῶς
413 1260 596 1346 α’περροογὸς
619 1261 673 1328 διαὶ
695 1267 800 1330 ταύτα
822 1265 997 1346 δογμάτων,
1009 1261 1181 1354 χρόνηιτῆν

35 1363 70 1420 10
79 1359 147 1440 ἕξιν
170 1363 228 1426 ούκ
248 1353 288 1427 ύν
300 1365 366 1428 ποτ’
389 1357 638 1444 ἀποτρίψασθαι
658 1364 800 1445 δύναιτο,
823 1358 874 1430 δτι
893 1361 936 1448 μῆ
961 1365 1017 1430 καί
1033 1362 1089 1451 τῆν
1109 1362 1183 1434 ἔσθ’

79 1457 142 1556 ὅτε
159 1465 220 1530 τού
248 1465 345 1528 καλού
376 1465 585 1550 προσποίησιν
614 1465 749 1548 τάχιστα
769 1467 971 1552 ἀποσείεται,
1000 1466 1182 1549 πράγμασιν

79 1562 196 1638 αύτοῖς
218 1561 448 1646 ἐλεγχόμενον,
473 1565 749 1651 παλινδρομούσης
786 1569 840 1651 τῆς
871 1565 1002 1652 φύσεως
1023 1566 1078 1632 κατ’
1098 1569 1180 1636 dse-

79 1665 309 1748 λαμβανούσης
333 1667 367 1730 ἐκ
388 1669 445 1731 τού
477 1661 597 1753 ῥᾴστου
620 1664 653 1731 τέ
682 1670 819 1753 γνῆσιον,
863 1669 918 1734 καί
937 1665 1032 1752 σύγε
1061 1668 1126 1754 μῆν
1148 1671 1245 1741 lun
1305 1697 1310 1704 ·

79 1768 142 1846 μὲν
173 1766 217 1852 τῷ
244 1765 406 1853 γραφικύς
435 1772 614 1854 μαρτυρίας
650 1775 896 1853 προσποιεῖσθαι
933 1769 1090 1852 κομίζειν,
1120 1772 1181 1854 ούχ

35 1881 69 1934 15
80 1868 182 1953 ύγιούς
204 1869 233 1931 δ’
256 1861 324 1950 σύν,
344 1865 402 1954 τῆν
418 1866 515 1945 αύτὸς
536 1872 656 1935 σαυτοῦ
675 1893 711 1953 γε
733 1871 876 1952 α’μαθίαν
897 1867 977 1936 laada
998 1874 1181 1955 ἐξελέγχεις,

80 1971 118 2033 έν
144 1971 179 2036 δέ
203 1972 244 2060 τῷ
274 1971 328 2034 καί
350 1967 431 2054 πρὸς
462 1972 626 2057 ἐπισφαλῆ
653 1975 708 2036 καί
736 1973 877 2057 δυσσεβῆ
908 1968 1050 2036 διύνοιαν
1081 1970 1182 2049 αύτύς

82 2073 293 2157 διαστρέφειν
321 2067 378 2155 τῆν
413 2072 532 2136 οἰκείαν
564 2071 609 2138 ἔτι
641 2071 822 2158 θεατρίζεις
851 2071 1026 2140 κακόνοιαν.
1078 2071 1183 2138 ου’κέτι

78 2172 144 2258 γὰρ
174 2173 354 2255 ἀνέλεγκτον
386 2173 418 2247 ἐς
437 2173 476 2237 τύ
498 2197 532 2256 γε
556 2177 610 2258 τῆς
645 2179 754 2258 ψυχῆς
777 2173 940 2259 μυσῆτρια
972 2173 1184 2258 καθευδῆσειν

82 2277 246 2354 ε’λπιζεται
267 2273 301 2339 τύ
323 2279 376 2360 τῆς
398 2277 509 2350 κακίας
531 2274 712 2362 αἀύρρητον
733 2269 828 2360 ύγος·
853 2273 1022 2361 ἐξερρύηκε
1043 2273 1105 2360 γύρ
1128 2277 1186 2344 καί

34 2372 327 2461 ἳθδιαπεφοίτηκεν
348 2381 380 2453 ές
395 2374 602 2462 ῆλιουαύγύς
624 2380 678 2442 κατ’
699 2373 767 2459 ἅμα
789 2380 821 2454 ές
834 2379 978 2460 μυκτῆρα
992 2374 1047 2440 καί
1065 2371 1184 2460 χλεύην

82 2471 229 2561 θεάτρου
262 2475 382 2562 μεστῆν
406 2479 556 2559 κωμικοῦ.
611 2481 665 2543 καί
686 2476 723 2563 ῆν
749 2482 809 2561 μὲν
832 2480 960 2554 ἐδίωκες
981 2475 1181 2551 α’πολούλεκας

82 2576 183 2658 δόξαν
205 2575 286 2660 πρὸς
307 2572 441 2659 κ’δοξίαν
457 2579 664 2665 μετενεγκών*
715 2573 755 2666 ῆν
778 2581 808 2644 δ’
831 2579 1002 2656 έκύλυπτες
1027 2576 1183 2670 αἰσχύνην

87 2929 278 2996 allicientium,
304 2929 374 2984 sicut
397 2938 425 2983 tn
449 2929 518 2984 baec
543 2933 677 3000 pervertis
703 2933 870 3002 impudenter
889 2931 1066 2988 criminatus?
1085 2933 1183 2990 monim

88 3001 219 3068 explicari
240 3001 345 3072 quidem
363 3011 482 3056 naturam
513 3003 545 3056 ab
566 3019 596 3056 ea
615 3005 780 3070 audivimus,
807 3003 914 3060 dillcrre
933 3011 1020 3056 autem
1041 3020 1097 3056 eam
1116 3021 1183 3058 nus.

87 3089 166 3144 quam
184 3073 335 3124 invenimus
355 3075 485 3126 dicentem
506 3075 580 3126 illum
603 3077 720 3129 divinum
742 3079 836 3128 viram.
874 3077 926 3127 iam
945 3091 1010 3128 vcro
1029 3077 1051 3127 ai
1071 3085 1099 3128 tu
1121 3079 1183 3144 qui.

87 3147 147 3198 darn
167 3141 241 3195 illam
260 3153 370 3197 naturae
394 3146 602 3214 explicationem
624 3164 672 3216 pro
692 3148 842 3200 differentia
863 3149 983 3215 accipis,
1002 3149 1053 3198 iam
1077 3147 1184 3200 esttibi

85 3215 242 3284 reliquum,
268 3233 326 3267 cum
346 3218 436 3270 audias
456 3220 612 3288 scripturam
633 3221 764 3274 dicentem
794 3219 999 3288 explicationem
1019 3219 1101 3288 patris
1123 3233 1183 3271 osse

86 3287 181 3358 lilium,
201 3295 229 3338 ut
248 3288 402 3341 dissimilem
423 3289 505 3341 lilium
524 3293 593 3358 patri
614 3294 745 3355 enunties,
767 3301 793 3343 ct
812 3293 882 3361 quod
902 3292 933 3344 ad
951 3299 1069 3343 naturam
1089 3292 1185 3342 attinet

87 3359 205 3412 essentia
225 3367 358 3412 carentem
378 3369 404 3412 et
425 3361 503 3413 valdo
523 3363 667 3415 diuersum.
705 3365 761 3426 sed,
782 3372 811 3414 ut
830 3365 944 3428 uidetur,
965 3363 1035 3434 quod
1054 3378 1068 3414 a
1087 3371 1181 3415 natura

87 3445 199 3502 pravum
221 3437 270 3494 est,
289 3439 317 3483 ut
336 3434 373 3484 ita
392 3433 486 3498 dicam,
507 3441 533 3484 ct
551 3435 634 3484 scnrol
653 3433 807 3502 periculoso
827 3437 922 3486 montis
946 3435 1039 3487 morbo
1060 3435 1184 3486 allectum

87 3512 115 3556 et
132 3509 275 3569 propterca
305 3503 403 3555 divinis
423 3506 552 3574 dogmatis
575 3505 713 3572 abruptum
735 3513 774 3556 est
795 3507 821 3556 in
842 3520 975 3570 errorem,
996 3515 1115 3572 temporo
1133 3506 1184 3556 de.

87 3575 146 3627 lcrc
167 3573 284 3624 babilam
303 3574 372 3626 baud
393 3577 449 3626 acio
468 3591 501 3627 an
521 3591 652 3644 nunquam
670 3577 763 3643 possit,
783 3591 836 3628 non
854 3579 938 3646 magia
957 3593 1033 3644 qnam
1053 3576 1183 3628 interdum

86 3645 204 3698 habitum
223 3645 328 3712 pulchri
358 3663 390 3696 ox
410 3648 486 3714 poesi
505 3645 609 3715 pollere
629 3655 734 3714 potest,
759 3647 900 3699 celerrime
924 3648 1057 3700 decutitur
1076 3663 1106 3698 ac
1127 3650 1184 3716 ipsa

88 3719 239 3780 delicatum,
276 3732 334 3767 cum
355 3725 450 3769 natura
470 3721 562 3770 redeat
581 3726 607 3770 et
625 3720 739 3785 recipiat
763 3719 891 3770 facillime
910 3733 1072 3787 germanum.
1111 3725 1140 3770 et
1155 3727 1184 3770 tu

88 3789 193 3858 quidem
213 3787 361 3840 simulando
389 3799 415 3841 te
434 3791 529 3842 ailerrc
555 3791 706 3842 testimonia
732 3793 846 3858 scripta,
871 3791 965 3842 insano
984 3789 1105 3859 quidem,
1125 3792 1184 3858 ipsa

86 3860 226 3914 stultitiam
246 3868 316 3911 tuam
345 3859 415 3912 ultro
435 3862 554 3930 detegis,
581 3877 726 3930 quaecum
753 3865 831 3913 etiam
856 3863 883 3913 in
911 3863 1069 3914 sententiam
1089 3877 1185 3931 vagam

88 3933 239 3998 olimpium
261 3941 417 3997 pervertas,
437 3933 488 3984 iam
508 3933 700 4000 improbitatem
718 3933 766 3986 tibi
781 3935 915 4000 propriam
934 3933 1043 4004 publico
1062 3935 1184 4001 exponis.

86 4017 176 4072 nequo
197 4003 266 4054 enim
285 4005 336 4054 iam
357 4003 470 4055 colatum
493 4005 563 4072 quod
582 4007 613 4057 ad
635 4005 715 4056 animi
740 4006 867 4070 mysteria
885 4008 980 4058 attinet
1005 4021 1035 4058 ae
1054 4007 1185 4058 dormitu.

86 4091 145 4128 rum
170 4082 261 4140 sperat
277 4075 418 4142 prauitatis
441 4074 530 4128 scelus
560 4085 701 4129 secretum.
750 4079 883 4130 emanavit
912 4077 982 4129 enim
1002 4085 1029 4128 ot
1046 4077 1199 4144 divulgata·

89 4155 130 4200 eat
150 4147 177 4198 in
197 4144 264 4198 solis
282 4147 371 4199 radios
396 4147 530 4214 simulque
550 4149 576 4200 in
595 4148 736 4200 ludibrium
756 4157 783 4201 et
801 4149 1000 4202 cavillationem
1020 4149 1116 4201 tbcatri
1136 4161 1185 4198 co.

88 4218 149 4270 mici
172 4217 351 4286 frequentem,
373 4226 400 4270 at
419 4217 530 4286 gloriam
550 4235 626 4288 quam
645 4222 751 4288 assequi
769 4221 893 4276 studebas
906 4221 1045 4289 perdidisti
1062 4225 1185 4274 mutatam
