2898 4790
245 288 320 368 504
558 287 782 356 metellum
817 281 1050 352 ouuoottltt

477 409 492 434 .

245 458 436 523 λάτττεσθαι
457 457 503 542 τῷ
518 451 664 540 Λατίνῳ,
689 449 724 526 ὃς
741 449 788 515 ἐπ’
813 447 940 536 ἀδελφή
960 437 1104 534 γαμβρδξ
1125 444 1287 532 ἐπάρχων
1309 471 1352 534 τῳ

244 543 377 642 βασιλεῖ’
394 559 497 642 πάσης
520 554 710 638 ἐπετρόπευε
734 553 864 634 Λέσβου
887 553 944 635 τῆς
965 550 1074 635 νήσου.
1118 539 1158 612 οῦ
1177 547 1351 634 γενομένου

206 661 233 713 0
246 660 344 747 ἀπήει
358 659 417 742 μέν
432 660 488 724 καί
508 654 540 734 ἐς
553 655 706 722 odoacar
728 649 825 730 αὖθις
848 652 902 718 διὰ
921 651 976 716 τὸν
1000 655 1057 716 τοῦ
1074 649 1227 736 Ὑρκανοῦ
1249 651 1353 713 nacla
1427 689 1428 696 ι

225 759 265 828 Δὅ
286 761 445 843 βασιλεύς,
469 759 605 841 ἐπανῆκε
628 757 657 819 δ’
682 753 775 819 σύδέν
795 745 838 818 ὧν
857 753 1002 837 ἐβούλετο
1024 751 1209 838 πεπραχώς.
1255 751 1314 815 καί
1337 747 1353 814 δ
1427 777 1428 790 ¹

115 861 234 921 Mih-
243 861 366 944 χειμιύν
388 863 422 926 ἐν
441 861 562 935 τούτοις
582 857 735 922 ἐτελεύτα.
778 853 1049 940 ἐπανεληλυθότος
1071 856 1098 918 δ’
1120 853 1151 928 ἐς
1170 854 1376 933 Βυζάντιωὸ

245 959 342 1039 αὖθις
372 965 429 1051 τοῦ
459 957 619 1042 βασιλέως
646 959 785 1034 ἐκεῖθεν,
815 951 894 1042 ἦρος
929 952 991 1040 ἤδη
1021 953 1212 1040 ἀρχομένου,
1237 953 1352 1038 κατήει
1427 1017 1428 1024 1

244 1065 300 1128 καί
321 1060 338 1126 ri
360 1063 526 1146 βάρβαρος
555 1057 702 1143 Ὑρκανὸς
723 1057 757 1120 ἐκ
790 1059 854 1121 τῶν
876 1053 1083 1139 ύψηλοτέρων
1109 1057 1166 1138 τῆς
1186 1053 1353 1128 Βιθυνίας

242 1167 351 1249 μερῶν
384 1159 462 1246 ἄχρι
490 1161 553 1223 τῶν
580 1158 748 1242 παραλίων
778 1159 834 1240 τῆς
864 1155 1088 1240 Χαλκηδονίας
1109 1155 1270 1239 ήπείρου,
1295 1155 1352 1218 καί

244 1262 403 1346 ύμιλησεν
435 1261 557 1326 ἐκεῖθεν
583 1261 790 1344 τιήίβασιλεῖ
818 1257 874 1321 καί
902 1257 1160 1341 ἐκοινολογήσατο
1192 1255 1351 1338 περὶτοῦ

243 1361 339 1437 υἱέας
361 1355 466 1438 αύθις,
489 1358 543 1423 ούκ
564 1356 820 1444 αύτοπροσσέπως
840 1354 921 1420 ἀλλὰ
943 1360 983 1422 δι’
1008 1355 1145 1420 ἀκατίων
1166 1353 1224 1418 καί
1245 1355 1391 1440 nodo-lii

242 1467 326 1546 βεων
352 1458 413 1525 ἀπὸ
435 1458 577 1545 βραχέος
598 1457 681 1523 πύνυ
708 1459 766 1521 τοῦ
787 1457 1015 1541 διαστήματος,
1036 1454 1194 1540 ἐγγυτέρω
1214 1454 1349 1538 γενομέ-
1428 1487 1429 1500 ¹

243 1587 300 1627 νου
322 1564 380 1626 τοῦ
399 1561 560 1644 βασιλέως
593 1555 648 1623 διὰ
680 1557 846 1644 ῥαστώνην
880 1559 935 1641 τής
953 1557 1082 1642 χρείας,
1106 1555 1161 1621 καί
1181 1554 1265 1638 μετὰ
1287 1559 1352 1620 ruia

245 1661 369 1728 οἰκείων
382 1659 487 1724 ἐπάνω
509 1661 565 1724 τοῦ
587 1662 707 1744 πύργου
730 1656 786 1742 τήν
800 1655 916 1742 σκηνήν
929 1655 1120 1742 πηξαμένου,
1146 1651 1182 1731 ὃς
1202 1656 1237 1720 ἐν
1257 1657 1349 1740 μέσιγ

242 1765 297 1846 τῆς
326 1757 444 1843 μεταξύ
477 1759 635 1844 θαλάττης
668 1761 702 1823 ἐκ
735 1761 875 1822 παλαιοῦ
895 1753 1041 1841 πεπηγώς
1056 1753 1181 1842 ”Auxiu
1203 1761 1351 1820 καλεῖται

208 1861 543 1948 ΙπρὸςΒυζαντίων.
587 1859 648 1926 riou
669 1861 728 1944 μὲν
759 1853 816 1923 σύν
836 1859 891 1923 καί
914 1850 967 1922 οἷα
995 1853 1035 1942 ήν
1058 1852 1139 1944 ἀπἐρ
1160 1857 1275 1943 σφίσιν
1302 1855 1349 1920 εἴ·
1361 1871 1391 1922 15

244 1964 342 2049 ρηταί
360 1987 392 2028 τε
412 1963 467 2029 καί
489 1963 675 2047 ἐπήγγελται
694 1963 864 2046 τηνικαῦτα
879 1958 932 2024 διὰ
946 1963 1009 2025 τιῦν
1026 1957 1144 2041 μεταξύ
1167 1957 1349 2042 πρέσβεων,

242 2063 367 2150 ἡμέρας
394 2063 590 2149 ἀνηλωκύσιν
621 2064 761 2128 ἐνταῦθα
780 2069 884 2147 τρεῖς,
915 2062 970 2125 καί
991 2062 1060 2136 οἵας
1083 2059 1163 2146 πρὸς
1188 2059 1349 2142 ἀλλήλους

244 2167 300 2241 τάς
320 2190 354 2230 τε
377 2164 534 2244 δεξιιύσεις
555 2165 610 2229 καί
625 2163 865 2250 φιλοφροσύνας
880 2167 1077 2246 πεποίηνται,
1100 2161 1155 2225 ούκ
1172 2160 1349 2244 ἀναγκαῖον

236 2269 393 2344 ,διεξιέναι
417 2271 493 2330 καθ’
514 2270 649 2332 ἕκαστα·
701 2261 736 2329 τδ
761 2267 788 2329 δ’
808 2257 864 2328 σύν
884 2267 939 2347 τῆς
959 2265 1087 2328 ἐνταῦθ’
1110 2260 1239 2344 ὁμιλίας
1261 2287 1347 2344 συμ-

242 2366 393 2452 πέρασμα
417 2363 473 2452 ἦν,
505 2365 555 2434 ὅτι
590 2365 765 2432 δεδώκασιν
799 2364 945 2448 ἀλλήλοις
979 2363 1091 2448 ἐγγύας
1124 2361 1178 2428 ἐπί
1202 2361 1392 2446 θυγατρέἳθ

173 2499 177 2504 v
242 2464 396 2550 γενέσθαι
419 2465 565 2552 γαμβρὸν
597 2469 645 2553 τρῖ
676 2471 809 2548 βασιλεῖ
831 2463 885 2530 τύν
915 2462 1258 2547 ἐλευθερωθησύμενον
1291 2465 1349 2526 τοῦ

238 2562 390 2649 Ὑρκανοῦ
410 2569 533 2643 παῖδα,
565 2567 621 2630 καί
644 2565 710 2648 ἀμα
731 2559 813 2630 εἶναι
835 2569 986 2650 διηνεκεῖς
1013 2565 1068 2628 καί
1090 2561 1224 2637 ἀλύτους
1247 2587 1348 2626 σπον-

244 2665 302 2742 δὰς
322 2665 440 2748 μεταξύ
457 2665 627 2750 Ῥωμαίων
647 2690 682 2731 τε
703 2668 759 2732 καί
779 2667 964 2752 βαρβάρων.
1017 2663 1097 2728 κάπέ
1117 2663 1240 2739 τούτοις
1261 2663 1346 2747 χρή-

240 2790 327 2848 ματα
350 2765 488 2852 εέληφιύς
524 2765 712 2850 δβασιλεύς
744 2766 799 2832 σύκ
830 2766 921 2852 ὀλίγα
949 2764 1028 2852 πρός
1049 2787 1081 2829 τε
1118 2767 1174 2830 τοῦ
1192 2763 1347 2848 Ὑρκανοῦ

243 3007 302 3054 ctae
322 3009 448 3068 praeerat
466 3000 571 3054 inaulac
590 3001 687 3056 Lerbo.
731 2999 800 3072 qnae
828 3015 908 3070 quum
927 2999 997 3052 iacta
1017 3007 1126 3064 errent,
1145 2999 1174 3050 in
1194 2997 1346 3052 Phocaeam

243 3071 277 3124 ob
298 3071 414 3138 Hyrcani
434 3073 516 3124 lilium
535 3089 583 3125 rex
608 3075 697 3126 rediit.
734 3073 944 3141 necquicquam
965 3085 1056 3122 corum
1082 3085 1150 3140 quaa
1170 3069 1283 3123 volebat
1301 3073 1345 3123 in.

242 3143 340 3196 lectum
367 3143 487 3212 reliquit.
532 3152 558 3196 ct
582 3143 665 3197 lriema
695 3143 736 3198 hia
760 3144 840 3196 rebur
865 3144 947 3195 finita.
997 3142 1059 3193 iuda
1086 3141 1243 3208 Byzantium
1264 3157 1344 3210 quum

239 3229 287 3268 rex
306 3215 446 3278 rediiaaet,
471 3216 556 3282 primo
585 3217 635 3269 iam
656 3231 735 3281 veru,
757 3215 894 3282 Hyrcarma
919 3211 1045 3266 barbarua
1066 3227 1098 3263 cx
1116 3211 1178 3264 altia
1196 3211 1344 3280 Bithyniae

240 3284 360 3352 partibus
379 3299 463 3352 arque
489 3286 520 3337 ad
543 3285 763 3338 Chaicedouicnm
792 3301 864 3338 orum
893 3285 1028 3352 proluatur
1056 3291 1096 3335 cat
1117 3291 1144 3335 ct
1164 3283 1263 3335 ibidem
1285 3300 1342 3335 curu

239 3371 305 3424 rege
325 3354 477 3406 collocutus
508 3363 535 3408 ct
554 3357 694 3410 concilium
718 3358 751 3409 do
778 3355 834 3408 iriio
862 3355 1084 3416 communicavit,
1112 3367 1166 3406 uon
1195 3357 1256 3420 ipae
1280 3358 1342 3424 qui.

238 3427 316 3489 (lem,
347 3425 393 3477 acd
423 3439 471 3492 per
492 3427 603 3494 scaphae
624 3438 651 3481 et
671 3427 792 3497 legator,
821 3441 898 3496 quum
926 3427 1009 3479 breue
1034 3432 1133 3478 tautum
1159 3425 1273 3492 epatium
1295 3441 1342 3477 rex

239 3497 345 3550 aberret
373 3504 482 3564 propter
511 3499 551 3550 rcl
578 3497 728 3552 levitatem.
779 3507 805 3550 ct
833 3513 892 3549 cum
918 3499 973 3550 ruia
1003 3511 1082 3564 cupra
1106 3511 1194 3548 arcem
1225 3497 1340 3548 domici.

238 3568 303 3620 lium
333 3567 499 3634 collocavit,
524 3585 593 3637 quau
627 3571 691 3622 mari
720 3569 880 3622 circumdata
915 3577 941 3621 et
973 3569 1083 3636 antiquo
1112 3575 1233 3634 tempore
1268 3569 1340 3620 lirnra

239 3637 321 3692 Areia
341 3655 355 3691 a
374 3637 511 3707 Byzantiit
531 3639 725 3692 nominabatur.
764 3655 832 3709 quae
851 3639 993 3710 qualiaque
1014 3639 1122 3703 inerint,
1142 3655 1211 3706 quac
1230 3637 1265 3690 alr
1284 3639 1339 3690 illia

240 3711 311 3761 dicta
329 3716 391 3761 aunt
409 3712 584 3779 nuntiataque
603 3711 774 3780 perlegatur
793 3711 895 3778 tribua,
914 3709 1007 3780 quaiea
1035 3709 1151 3761 horores
1170 3717 1198 3760 et
1215 3709 1338 3762 uenero.

240 3779 341 3830 leutiaa
362 3781 519 3834 documenta
540 3781 589 3834 ribi
609 3783 724 3834 iuriccm
746 3783 877 3846 dederint,
896 3797 948 3835 nou
970 3795 1037 3849 opur
1056 3787 1097 3831 eat
1115 3779 1271 3850 singulatim
1293 3795 1336 3832 rr.

239 3849 321 3901 ferre.
371 3851 430 3902 linia
465 3861 552 3904 auteur
580 3851 710 3922 colloquii
741 3861 813 3917 crat,
839 3861 978 3922 poatquaru
1011 3853 1123 3920 pignora
1152 3850 1204 3903 cibi
1223 3853 1337 3904 invicem

238 3918 368 3972 dederuut
397 3929 507 3989 proptor
533 3923 612 3976 liliam
638 3932 667 3976 ut
694 3939 773 3977 aoccr
797 3925 870 3992 regia
897 3911 1000 3976 iutu'rur
1026 3930 1098 3974 erret
1125 3921 1242 3988 Hyrcani
1270 3922 1338 3974 iiiior

238 3991 266 4042 in
284 3989 434 4044 libertatem
454 3995 602 4059 renitatur,
623 4003 650 4046 et
661 4003 791 4062 perpetua
809 4003 889 4064 atquc
900 3997 1054 4061 incorrupta
1070 3992 1180 4044 loetiera
1198 3993 1338 4045 interno.

236 4075 329 4117 uuor
359 4070 386 4114 et
404 4061 529 4116 barbarua
549 4074 648 4118 errent.
686 4073 825 4134 praeterea
855 4065 950 4133 opibor
979 4063 1099 4132 acceptia
1118 4077 1173 4114 nou
1192 4065 1286 4131 procia
1307 4063 1338 4114 ab

239 4131 363 4196 ilyrcauo
383 4139 411 4184 et
429 4133 577 4198 Byrautlir,
595 4137 640 4204 qui
660 4127 771 4190 cuinam
790 4137 898 4205 publica
917 4135 1094 4199 celebrarant,
1112 4149 1161 4186 rea
1181 4133 1269 4202 plenia
1288 4149 1337 4196 ae-

200 4261 206 4268 ·
240 4199 320 4253 lla'ln
342 4201 490 4258 Phocaeam
518 4207 689 4274 renavigavit
720 4207 1019 4276 crupiturcrtctutc
1046 4207 1102 4260 iera
1130 4203 1206 4260 anille
1232 4211 1336 4259 ceatuu
