2862 4784
256 237 477 346 maronias
506 260 956 344 armantarmant&
980 259 1046 344 17.
1136 260 1184 344 tr

87 445 203 527 ριιέναι
223 443 280 525 τῆς
304 440 400 525 νήσου
422 439 531 522 κάμας
552 439 606 504 καί
629 445 785 512 πολιτείας
808 443 862 504 καί
889 439 995 516 πόλεις
1014 441 1187 524 γεγένηται.

86 542 143 608 καί
162 547 224 622 μέν
246 539 286 626 δή
316 539 371 606 καί
392 541 537 624 έθεάμην
556 541 589 606 τδ
625 544 687 604 πᾶν
709 544 779 606 ἐκεῖ
795 545 884 624 γένος
908 545 963 623 ιής
984 542 1091 626 νήσου,
1107 538 1190 604 Ῥα-

85 646 203 726 μαίους
229 633 337 722 ὄντας,
368 641 464 730 δλίγφ
497 645 559 708 δέοι
589 646 707 724 λέγειν,
740 643 794 706 κατ’
825 641 882 725 τήν
903 644 958 724 τής
981 641 1115 725 πατρίου
1136 641 1190 704 πί-

88 769 188 820 στεως
208 743 384 830 ,εὐσέβειαν
402 747 537 824 βεβαιάν
566 747 599 808 ἐκ
619 745 772 826 διαδοχῆς
793 742 846 808 αἐί
872 745 1093 828 κεκτημένους·
1138 739 1192 804 καί

60 847 145 930 anos
166 848 348 934 βουλομένῳ
363 867 398 927 γε
419 838 458 927 ήν
473 848 600 910 πλείονα
611 839 727 926 χρόνον
740 846 808 908 ἐκεῖ
824 844 1062 929 διατετριφέναι
1082 846 1190 908 πλείο-

87 971 141 1024 νος
173 945 262 1012 ἕνεκα
286 949 310 986 ’ί
331 949 386 1009 καί
415 950 604 1026 τελειοτέρας
636 949 700 1010 ταῖν
726 947 794 1010 έκεῑ
820 943 1016 1028 πραγμάτων
1039 940 1188 1028 ἱστορίας.
1200 962 1220 1018 ς,
1240 957 1328 1020 1οη,

90 1051 158 1114 ἄλλ’
182 1047 334 1133 Ιιίνεσδβει
365 1071 419 1127 μοι
450 1045 507 1128 τήν
540 1048 694 1130 βούλησιν
724 1045 740 1108 δ
774 1048 944 1132 τηνικαῦτα
973 1045 1190 1126 μελετεάμενος

93 1147 237 1232 θόρυβος
262 1150 326 1211 τοῖν
342 1170 375 1210 τε
398 1142 501 1210 δπλων
523 1147 577 1211 καί
597 1150 660 1209 ταῖν
684 1148 753 1210 ἐκεῖ
761 1150 994 1229 στρατιωτικῶν
1016 1146 1192 1225 δυνάμεων.

91 1243 131 1334 ήν
151 1243 213 1332 γάρ
247 1245 264 1329 ή
289 1229 382 1327 νήσος
412 1249 446 1310 έκ
476 1249 597 1310 πολλοῦ
630 1255 813 1332 συμφοραῖς
835 1245 1068 1330 έντετυχηκυΐσι,
1087 1246 1128 1309 δι’
1152 1239 1191 1322 άς

42 1359 79 1414 10
90 1355 278 1422 Λατινικοῑς
300 1343 408 1422 ὅπλοις
429 1345 631 1435 δουλεύουσα
656 1349 697 1434 τῷ
715 1351 770 1432 τής
792 1350 944 1422 Βενετίας
968 1342 1110 1427 δπέκυψε
1132 1349 1191 1430 δη-

87 1451 191 1538 μοσίιρ
214 1448 442 1532 προστάγματι.
487 1443 565 1530 άρτι·
582 1451 688 1513 τοίνυν
710 1449 818 1535 φήμης
839 1453 986 1532 χεθείσης
1009 1449 1063 1512 έπί
1086 1449 1191 1514 πᾶσαν

89 1545 224 1636 ήπειράν
242 1572 277 1614 τε
299 1552 356 1613 καί
370 1554 464 1631 νήσον
489 1548 531 1624 ιδς
554 1547 583 1614 οἱ
599 1547 632 1614 τδ
647 1553 678 1614 Γ
676 1550 886 1632 αλστιάνυμον
908 1551 1066 1624 οἰκοῦντες
1089 1549 1190 1635 φρεά-

88 1673 160 1734 ριον
182 1650 396 1732 ἀστυγείτονες
419 1651 449 1714 Γ
447 1658 616 1731 εννουῖται,
639 1650 958 1734 παρασπονδήσαντές
979 1673 1011 1714 τε
1035 1651 1090 1714 καί
1110 1653 1192 1714 lno-

89 1749 262 1825 ναστάντες
282 1759 346 1824 τοῖς
359 1749 558 1830 Βυζαντίοις,
573 1754 657 1836 σφᾶς
668 1775 701 1816 τε
723 1751 989 1832 ναυμαχήσοντες
1010 1748 1190 1833 νενικήκασι

41 1856 144 1916 15καὶ
165 1846 234 1933 δμα
256 1848 420 1936 θαλάσσης
445 1849 519 1934 δλης
542 1852 710 1934 ἡγεμονίαν
732 1852 997 1934 ιδνειροπδλησαν,
1018 1849 1060 1924 cic
1080 1852 1191 1934 μηκέτι

88 1951 170 2037 μήτε
199 1950 370 2024 καθεκτοίις
406 1945 487 2016 εἶναι
516 1951 596 2036 μήτε
624 1953 688 2034 μήν
720 1947 789 2016 οὐδ’
818 1947 993 2034 δμοφάλοις
1017 1945 1065 2013 ἔτι
1085 1953 1192 2030 μένειν
1217 2009 1220 2014 ,

89 2051 284 2126 ἐνσπόνδους
306 2053 444 2132 ἐθέλειν,
475 2049 554 2116 α’λλά
586 2049 726 2136 σκληράν
756 2050 811 2116 καί
838 2042 903 2114 οἷον
925 2051 1023 2116 εἰπεῖν
1044 2044 1192 2134 ήγεμονι-
1229 2087 1232 2092 -

88 2150 149 2236 κήν
169 2149 228 2234 τήν
262 2149 367 2236 α’φρδν
395 2149 476 2216 κατά
499 2151 641 2235 πάντοιινΙ
657 2145 727 2216 ὅσοι
755 2149 928 2215 θαλάττιον
948 2153 1102 2232 βόσκουσι
1123 2149 1193 2231 βίον

89 2254 381 2333 έιιανατεινοσθαι,
404 2255 611 2336 ταραχθήναί
635 2277 670 2317 τε
694 2247 749 2316 οδν
772 2249 908 2328 πολλοές
937 2247 990 2317 διά
1014 2251 1115 2318 ταῦτα
1137 2251 1194 2316 καί

40 2351 221 2418 λθιιάντιον
241 2350 382 2434 μάλιστα
403 2347 601 2435 Βενετικοάς,
622 2353 763 2436 μεγάλας
785 2356 844 2432 μὲν
867 2352 1034 2436 έξαρτάειν
1056 2355 1089 2416 έν
1108 2356 1193 2436 βρα-

87 2461 149 2538 χεῖ
166 2452 315 2526 ναυτικάς
338 2455 535 2535 δυναμένους
555 2455 724 2536 δυνάμεις,
743 2458 825 2537 μέγα
848 2455 882 2518 δέ
914 2450 967 2516 διά
994 2455 1085 2517 τοῦτο
1110 2473 1194 2539 φρο-

89 2562 158 2621 νεῖν
179 2550 322 2638 ἔχοντας,
345 2551 454 2620 ἔπειτα
478 2553 565 2639 παρά
597 2554 691 2636 δόξαν
720 2551 773 2619 ὑπ’
796 2555 924 2619 ἐκείνων
947 2547 1007 2640 ήδη
1028 2557 1194 2637 κωλυομέ-

91 2678 169 2730 νους
189 2659 222 2730 ές
250 2652 306 2721 τδν
338 2648 402 2722 άνιο
427 2657 526 2722 τδπον
558 2659 614 2722 καί
635 2655 692 2742 τήν
717 2659 868 2724 Μαιῶτιν
892 2659 947 2722 καί
976 2653 1034 2732 τάς
1062 2653 1193 2737 έκβολάς
1268 2665 1283 2677 “

92 2909 195 2963 σίτοισι
213 2907 348 2978 urbesque
370 2925 449 2979 quum
468 2910 577 2975 adirem,
598 2916 681 2963 totum
699 2925 784 2981 genus
805 2911 958 2977 homiuum,
984 2911 1054 2981 quod
1078 2909 1192 2966 insulam

91 2979 199 3046 incolit,
389 2971 396 2992 ⁸
813 2981 946 3036 Romanos
966 2999 1026 3036 esse
1045 2992 1072 3036 et
1089 2983 1192 3052 patriae

92 3053 157 3106 litlei
178 3053 304 3120 pietatem
324 3067 339 3104 a
363 3053 507 3106 maioribus
530 3069 615 3123 usque
641 3055 762 3106 traditam
786 3061 939 3107 constanter
966 3057 1035 3106 tueri
1064 3057 1191 3124 cognovi.

91 3123 159 3176 mihi
178 3123 284 3192 quidem
304 3125 438 3176 inanimo
459 3133 531 3190 erat,
550 3140 602 3194 quo
622 3125 778 3194 diligentius
798 3133 825 3177 ct
842 3127 991 3177 accuratius
1018 3126 1123 3178 insulae
1148 3141 1192 3177 res

93 3193 274 3262 explorarem,
295 3194 401 3265 longius
421 3196 459 3248 ibi
477 3203 579 3264 tempus
601 3198 772 3260 commorari;
792 3197 840 3249 sed
858 3197 890 3248 ab
910 3196 961 3248 hoc
980 3199 1119 3266 proposito
1141 3197 1192 3250 dc.

92 3265 215 3318 turbatus
234 3281 291 3318 sum
310 3282 439 3319 armorum
460 3266 635 3336 militumque,
656 3270 701 3338 qui
720 3277 773 3319 tum
793 3267 989 3336 ibiparabatur‚
1005 3268 1127 3320 tumultu.
1146 3269 1192 3320 in.

93 3335 155 3390 sula
173 3338 245 3388 enim
264 3338 315 3388 iam
335 3339 380 3389 diu
399 3339 426 3390 in
453 3339 617 3392 calamitates
641 3340 790 3405 inciderat,
817 3349 928 3408 propter
954 3356 1018 3408 quas
1039 3341 1191 3393 Latinorum

92 3411 175 3462 armis
194 3407 303 3461 subacta
323 3409 442 3461 Venetae
462 3411 628 3478 reipublicae
657 3413 769 3480 imperio
795 3427 824 3463 se
847 3411 978 3463 submisit.
1027 3427 1105 3481 quum
1125 3426 1191 3464 vero

91 3481 172 3532 modo
193 3495 275 3548 super
294 3487 375 3538 totam
394 3482 575 3534 continentem
598 3492 624 3534 et
643 3483 757 3536 insulam
777 3498 865 3534 rumor
885 3483 1021 3549 dispersus
1043 3492 1123 3548 esset,
1137 3483 1193 3537 (λος

91 3565 223 3614 auenses,
242 3553 287 3618 qui
307 3552 416 3606 Galatae
434 3561 528 3604 tenent
547 3553 687 3606 castellum
707 3556 734 3605 in
753 3553 825 3605 urbis
844 3555 993 3617 vicinitate,
1015 3553 1124 3606 loedere
1143 3569 1192 3605 ru.

92 3632 140 3691 pto
162 3630 191 3674 et
208 3621 361 3676 rebellione
382 3624 452 3676 lacta
470 3625 615 3691 Byzantios
634 3624 739 3692 proelio
758 3623 848 3676 navali
868 3625 968 3676 vicisse
989 3631 1015 3674 et
1034 3625 1115 3676 totius
1133 3639 1193 3676 ma.

92 3695 130 3746 ris
151 3695 294 3760 imperium
315 3697 467 3760 somniare,
493 3705 522 3748 ut
540 3712 629 3766 neque
649 3696 770 3748 coerceri
789 3705 901 3762 possent
919 3709 1007 3762 neque
1026 3711 1061 3747 ue
1081 3695 1191 3750 iocslere

94 3765 202 3833 quidem
222 3781 280 3816 cum
301 3767 475 3834 popularibus
494 3769 586 3819 iuncto
606 3775 676 3819 stare
688 3765 801 3830 vellent,
823 3765 870 3817 sed
887 3765 1002 3834 superba
1021 3768 1148 3836 quaedam
1166 3777 1193 3820 et

93 3843 122 3886 ut
144 3837 182 3888 ita
202 3836 288 3888 (licam
314 3839 485 3905 imperatorie
505 3839 650 3908 supercilia
676 3839 804 3890 adversus
832 3853 945 3902 omnes,
965 3838 1010 3905 qui
1036 3840 1192 3892 maritimam
1220 3900 1222 3907 y

93 3916 178 3976 agunt
197 3908 290 3972 vitam,
310 3924 374 3976 prae
394 3925 424 3960 se
444 3909 553 3975 ferrent,
577 3911 627 3962 hac
646 3927 676 3962 re
696 3916 723 3961 ct
742 3909 789 3961 alii
808 3909 883 3961 multi
905 3909 1055 3963 conturbati
1083 3917 1145 3964 suut
1167 3919 1194 3976 et

92 3977 357 4046 praestructionem
377 3981 433 4050 qui,
452 3995 606 4050 quamquam
620 3982 696 4034 brevi
711 3989 831 4049 tempore
849 3995 958 4050 magnas
973 3983 1064 4050 copias
1081 3983 1192 4035 navales

94 4063 228 4103 exornare
247 4059 329 4120 atque
349 4052 450 4104 idcirco
470 4051 538 4104 haud
559 4053 708 4106 mediocres
728 4053 778 4104 sihi
796 4054 906 4120 spiritus
926 4069 1031 4106 sumere
1050 4061 1192 4120 poterant,

92 4129 147 4173 tum
163 4127 273 4190 praeter
297 4121 453 4190 opinionem
471 4123 504 4175 ab
524 4124 580 4177 illis
607 4127 658 4177 iam
677 4125 796 4194 impediti
818 4133 908 4190 erant,
933 4126 1073 4195 quominus
1092 4126 1120 4178 iu
1144 4141 1192 4178 su-

92 4193 216 4260 periores
234 4195 365 4266 regiones
385 4203 412 4256 et
429 4194 516 4248 lacum
535 4195 693 4251 llaeotidem
721 4205 749 4248 et
772 4196 805 4250 ad
831 4198 901 4251 ostia
920 4195 1041 4250 isuaiiis
1070 4210 1119 4264 pro
1143 4207 1191 4248 suo
