2862 4784
254 256 300 328 it
549 253 774 324 ulcutnoat
805 253 1036 324 GREGORAE
1122 261 1125 270 “

251 425 315 488 ναόν
335 421 457 488 Λίνδον
477 415 635 504 ’ίηλυσσόν
653 440 687 481 τε
710 415 766 482 καί
785 410 965 502 ἀργινόεντα
988 413 1169 502 Κάμειρον,
1192 407 1239 482 οἷν
1258 413 1277 500 ἧ
1294 417 1345 482 τοί

252 523 490 608 Μελησιγενοός
509 513 648 605 Ὀμήρου
664 522 824 604 μέμνηται
840 513 1017 604 Καλλιόπη.
1040 519 1204 604 πρόσοικοι
1224 521 1252 582 d'
1268 511 1345 602 ἦσαν

153 709 155 712 Ι
251 627 291 712 τῇ
305 622 404 712 paup,
427 621 461 686 τό
480 627 623 687 πλεῖστον
636 622 743 704 εἰπεῖν,
763 619 925 707 όμόφυλοί
938 644 969 685 τε
992 620 1067 705 ἡμῖν
1089 623 1146 685 καί
1167 617 1224 704 τὴν
1244 626 1345 685 πίστιν

251 718 439 810 όρθόδοξοι,
462 725 527 788 ’καί
555 721 653 810 ταότγγ
677 718 715 806 dp*
750 723 786 810 τῇ
815 723 888 786 καθ’
923 723 1003 806 ἡμᾶς
1024 720 1154 794 ΙἙλλάδι
1190 716 1345 806 χρεόμενοι

251 828 361 913 φωνῇ·
404 826 515 902 παῖδες
535 824 597 907 γάρ
621 827 685 890 είσι
706 825 768 888 τοόν
793 823 831 886 oni
854 821 935 888 πάνυ
965 821 1026 907 πρό
1048 822 1173 907 μακροῦ
1194 819 1365 903 νεότητά-5

201 987 206 1006 ,
250 949 312 990 των
334 925 460 990 ἐκείνων
483 925 630 1008 α’νδριόν,
665 923 699 988 οἳ
719 931 859 1016 ’πλείστα
879 925 938 1005 μὲν
962 922 1173 1006 ἠγωνίσαντο,
1196 925 1346 996 Λατίνοις

250 1025 427 1108 μαχόμενοι
449 1022 599 1109 τριήρεσί
612 1047 646 1088 τε
664 1023 719 1090 καί
740 1019 844 1098 ὅπλοις
865 1021 1062 1104 παμπόλλοις
1087 1021 1144 1108 την
1167 1021 1283 1109 ἔφοδον
1302 1023 1345 1086 ἐπ’

129 1127 151 1184 f·
167 1128 202 1186 97
213 1130 240 1184 li·
251 1125 369 1201 οότοός
390 1131 601 1207 ποιουμένοις,
624 1129 647 1166 “
660 1125 844 1212 ἡττήθησαν
860 1126 894 1190 δὲ
916 1127 956 1188 δι’
969 1122 1137 1210 ὀλιγότητα
1152 1127 1208 1188 καί
1228 1119 1347 1188 ότιετά-

248 1249 350 1312 γησαν
373 1218 518 1312 ,ἄκοντες
567 1216 613 1290 οόν
640 1223 715 1290 ἔνιοι
748 1227 806 1291 κάν
838 1227 934 1308 γήραι
968 1227 1065 1304 ζῶσιν
1086 1221 1132 1288 ἔτι
1153 1228 1270 1307 βαθεῖ,
1295 1224 1347 1308 τῆς

250 1333 325 1412 πρίν
343 1347 376 1392 τε
400 1325 607 1408 εὐδαιμονίας
628 1329 681 1392 αἐί
701 1331 906 1412 μεμνημένοι,
928 1325 984 1391 καί
1004 1323 1144 1410 διήγημα
1167 1327 1270 1390 ταότα
1285 1331 1347 1400 τοίς
1356 1328 1381 1380 1⁰

249 1431 403 1514 παριοῦσι
424 1428 486 1490 τῶν
512 1429 607 1506 ξένων
634 1424 694 1512 ἦδό
723 1431 947 1510 προτιθέντες,
970 1429 1003 1492 οἳ
1023 1429 1077 1491 καί
1099 1429 1271 1508 δυστυχεῖν
1292 1429 1348 1507 μέν

251 1553 317 1606 πως
341 1525 447 1612 ἔλεγον
469 1520 518 1592 ότι
536 1527 631 1611 ζυγόν
654 1530 840 1613 ἐλευθερίας
873 1527 1047 1614 ἠλλάξαντο
1070 1526 1232 1612 δοόλειον,
1254 1529 1347 1592 adro-

249 1639 320 1713 χείν
341 1633 369 1692 δ’
386 1622 503 1710 ἄλλως,
529 1632 687 1710 πολεμίων
705 1631 764 1711 μὲν
788 1623 900 1713 ἥκιστα
923 1627 1042 1708 ἔξωθεν
1058 1631 1200 1711 ἐνοχλεῖν
1217 1625 1262 1712 μη
1290 1630 1348 1691 δυ-

250 1733 394 1812 ναμένων
423 1727 481 1813 τόν
501 1734 595 1816 νῆσον
617 1727 684 1816 ἔτι,
715 1726 769 1817 άτε
803 1735 865 1796 τῶν
894 1735 948 1815 τῆς
970 1727 1067 1814 νήσου
1096 1729 1296 1814 κρατούντων
1316 1733 1349 1796 έν

250 1826 359 1906 όπλοες
391 1834 447 1918 ζῆν
469 1829 647 1913 εἰωθότων,
668 1837 723 1896 καί
750 1825 810 1898 ὅσα
833 1835 878 1909 είς
899 1831 1035 1914 πόλεμον
1064 1829 1218 1916 ἐπεφύκει
1240 1833 1380 1915 έττιτιγ-15

250 1932 402 2018 δείματα,
426 1933 482 1999 καί
502 1929 569 2016 άμα
591 1935 742 2015 εόνομίας
770 1938 802 1999 έν
825 1936 957 2018 α’γοραῖς
987 1931 1041 1996 καί
1067 1934 1170 2007 δίκαις
1191 1934 1349 1999 ἐπιπολα-

252 2039 366 2120 ζουαης
387 2039 426 2123 τῇ
446 2032 540 2124 ιη’σρι,
564 2039 744 2111 πλεονεξίας
766 2034 907 2120 α’ποάσης
927 2033 969 2111 τός
991 2032 1029 2099 τό
1052 2033 1170 2114 πολλά,
1191 2037 1247 2097 κατ’
1268 2035 1350 2119 πρός

251 2136 374 2213 τοότοις
398 2129 436 2200 τό
459 2134 596 2219 ἐχόντων
617 2131 757 2218 κράσεως
779 2135 881 2219 ιε’έρων
902 2135 1065 2217 λαχόντων
1096 2133 1153 2220 την
1173 2137 1281 2217 νῆσον,
1305 2133 1350 2199 ἔτι

252 2261 287 2302 τε
316 2238 452 2318 λιμένων
479 2235 534 2300 καί
563 2241 702 2320 νεωρίων
721 2239 890 2322 παγκάλην
915 2233 1071 2320 ἐχόντων·
1088 2236 1144 2320 τὴν
1165 2239 1276 2316 θέσιν,
1299 2239 1353 2300 καί

253 2335 371 2414 πάντας
396 2336 473 2420 μετά
497 2335 658 2425 ῥαοτοόνης
678 2336 922 2420 ότιοδεχομένων
936 2335 1013 2412 τοός
1027 2333 1218 2421 όθενδητιοτε
1238 2339 1386 2422 χρείαςνο

252 2440 424 2523 έμπορικης
454 2437 662 2523 καταίροντας
683 2437 796 2519 ἓνεκα,
829 2435 872 2514 ὥς
899 2439 1046 2521 γίνεσθαι
1080 2437 1140 2502 διαὶ·
1168 2441 1272 2502 ταῦτα
1297 2435 1353 2522 την

252 2541 313 2606 τεόν
335 2541 436 2604 ω’νίων
465 2539 574 2624 ’χρείαν
607 2541 838 2626 α’φθονωτίραν
869 2539 1032 2614 πλουσίοις
1056 2537 1111 2602 κατ’
1130 2542 1263 2624 πένησι,
1301 2538 1355 2604 κατ’

250 2643 321 2723 βίον
343 2639 567 2728 ἀταλαίπωρον
589 2632 675 2724 οἴγειν
696 2636 770 2715 τοός
794 2641 1039 2724 προσοικοῦντας
1066 2641 1221 2705 ἐντεῦθεν.
1266 2642 1300 2704 εί
1319 2641 1354 2704 δὲ

252 2901 281 2952 in
299 2910 352 2967 quo
373 2910 484 2948 numero
507 2909 567 2950 ease
590 2912 623 2949 ex
636 2896 742 2949 iudiciis
760 2893 915 2964 quibusdam
935 2893 1089 2962 auspicabar
1108 2893 1218 2948 Lindum
1235 2891 1356 2962 lalysnm

254 2977 282 3022 ct
302 2967 465 3035 splendidam
488 2967 634 3033 Camirum,
654 2983 762 3037 quarum
790 2966 892 3018 urbium
912 2965 1021 3018 Homeri
1039 2965 1213 3036 blelesigenis
1233 2968 1358 3019 meminit

254 3039 385 3107 Calliope.
413 3038 520 3091 incolae
537 3041 642 3092 insulae
666 3047 741 3091 eraut
761 3040 873 3090 maxima
895 3045 1022 3105 exparte
1042 3039 1128 3090 nostri
1149 3037 1296 3106 populares
1313 3047 1357 3088 at.

253 3128 306 3182 que
329 3111 493 3164 orthodoxae
514 3112 585 3176 fidei,
607 3120 751 3179 nostraque
773 3109 992 3162 utunturGraeca
1013 3109 1114 3177 lingua.
1153 3109 1358 3163 liliienimsunt

254 3184 371 3236 uirorum
394 3183 512 3248 illorum,
524 3185 569 3251 qni
591 3181 688 3235 abhinc
705 3197 759 3233 non
779 3183 816 3234 ita
826 3181 908 3250 longo
926 3189 1047 3248 temporo
1060 3181 1198 3246 interiere,
1220 3189 1247 3233 et
1258 3198 1357 3250 quani.

253 3269 331 3323 quarn
352 3254 466 3321 plurima
488 3255 631 3311 cortamina
653 3253 779 3306 serebant
802 3269 860 3304 cum
885 3253 995 3316 Latinis,
1016 3254 1061 3322 qui
1082 3252 1233 3304 triremibus
1255 3255 1357 3306 armis.

253 3341 306 3395 que
324 3325 413 3376 multis
436 3341 482 3377 eos
500 3325 707 3389 adoriebantur,
736 3326 770 3376 ob
792 3325 953 3391 paucitatem
974 3331 1061 3376 tamen
1082 3323 1225 3376 inferiores
1247 3325 1357 3378 disces-

253 3413 314 3450 sere
335 3404 361 3447 et
382 3412 442 3450 sese
461 3398 539 3448 inviti
557 3397 707 3449 subiecere.
753 3411 843 3447 eorum
864 3393 986 3446 nonnulli
1005 3395 1184 3463 praegrandes
1212 3405 1276 3448 natu
1307 3399 1357 3449 ad-

254 3468 305 3520 buc
327 3470 353 3519 in
372 3469 443 3520 aivis
457 3475 527 3533 sunt,
544 3469 674 3535 pristinae
688 3467 825 3519 felicitatis
846 3482 978 3535 nunquam
996 3482 1049 3519 non
1068 3483 1209 3532 memores,
1227 3477 1254 3520 et
1271 3483 1358 3535 pere-

253 3540 354 3610 grinis,
377 3541 422 3608 qui
444 3538 510 3592 illuc
535 3547 673 3592 transeunt
694 3540 813 3592 suaviter
835 3539 901 3592 baec
924 3547 1062 3602 enarrant;
1092 3537 1120 3588 bi
1141 3539 1266 3592 dicebaut
1295 3555 1358 3593 aesc

254 3612 360 3682 quidem
381 3611 505 3664 infelices
527 3627 607 3676 ease,
633 3612 702 3680 quod
724 3613 814 3680 iugum
836 3611 974 3663 servitutis
1003 3625 1061 3662 curn
1086 3610 1210 3664 libertate
1232 3625 1358 3664 commu.

253 3691 364 3747 lassent,
383 3691 497 3735 attamen
520 3683 720 3751 alioquinboua
738 3684 843 3735 fortuna
860 3683 909 3746 uti,
932 3681 1002 3750 quod
1024 3683 1128 3734 externi
1151 3681 1252 3748 hostes,
1274 3699 1358 3752 quum

253 3753 359 3806 insulae
376 3755 474 3806 domini
495 3755 623 3807 inarmis
644 3755 806 3823 studiisque,
829 3769 897 3821 quae
919 3753 951 3804 ud
974 3751 1237 3820 bellamperticam,
1257 3756 1357 3808 vivere

254 3825 352 3877 assueti
372 3831 476 3887 essent,
498 3839 552 3876 non
574 3825 685 3892 amplius
706 3827 834 3878 infestare
855 3823 968 3876 insulam
987 3833 1105 3890 possent,
1129 3834 1155 3876 et
1176 3827 1245 3893 quod
1266 3825 1357 3878 bonac

253 3897 330 3964 leges
350 3896 378 3946 in
401 3895 466 3947 foris
487 3896 646 3964 iudiciisque
660 3896 764 3949 insulae
782 3904 964 3959 versarentur,
974 3896 1088 3947 avaritia
1105 3904 1193 3948 autem
1205 3897 1262 3948 fore
1272 3897 1358 3950 abes.

252 3974 303 4020 set.
340 3967 391 4018 buc
412 3967 541 4019 accedere
567 3969 637 4036 quod
657 3970 743 4020 sortiti
773 3977 863 4019 essent
886 3966 1016 4030 insulam,
1043 3982 1111 4034 quae
1133 3969 1263 4036 gauderet
1283 3969 1357 4021 bona

253 4037 324 4089 coeli
343 4040 472 4106 temporie
491 4047 517 4090 et
538 4047 662 4106 portuum
683 4055 714 4092 ac
731 4037 866 4094 navalium
889 4036 1053 4105 praeclarum
1071 4038 1183 4090 baberet
1204 4041 1300 4104 mium,
1325 4047 1353 4090 ut

253 4123 344 4161 omnes
365 4109 446 4161 facile
468 4111 591 4178 accipere
610 4121 720 4179 possent
748 4113 792 4181 qui
814 4118 977 4162 mercaturae
1000 4109 1139 4162 faciendae
1160 4125 1240 4164 causa
1266 4113 1357 4164 unde.

253 4196 359 4252 cunque
377 4182 541 4236 advenirent.
573 4183 635 4260 iuda
667 4185 725 4237 lieri
753 4191 782 4235 ut
801 4198 888 4235 rerum
915 4181 1049 4236 venalium
1072 4183 1183 4236 facultas
1205 4183 1308 4254 largior
1335 4192 1360 4235 et
