2898 4790
185 285 406 356 simonior,
431 285 691 411 eremmon
707 289 860 363 xxxmo
876 261 1064 366 28-282.
1125 285 1198 370 645

11 437 19 452 '
87 449 164 532 γήν.
207 449 313 534 τρίτον
334 451 369 515 ὑὲ
391 454 460 527 πῶς
491 401 589 516 cotim
617 449 679 539 ήὺη
698 455 818 541 χρόνον
841 460 1113 546 κατηγοροόμενον
1144 463 1327 528 cristinus.

88 549 257 632 Σκόρπιον
279 552 313 615 ἐν
344 551 461 634 ἀκμαῖς
489 553 539 617 ἀει
567 563 755 640 πρακτικαῖς
787 561 843 641 τῆς
871 561 1017 646 τοιαὺιης
1043 561 1198 649 αἱρέσεως

90 644 201 726 εἶναι,
236 675 289 715 και
313 656 475 720 πολλων
460 654 641 739 ερχομένων
663 657 861 742 γραμμάτων
888 662 922 724 ἐκ
942 663 1005 726 τῶν
1023 665 1079 726 τοῦ
1101 659 1198 750 όρους

88 751 210 832 τιμέων
227 749 352 836 ἀνδρῶν
366 753 587 838 προδήλως
553 781 609 840 την
623 757 764 842 ἀρχαίαν
776 761 831 824 καί
849 784 949 847 μεχρι
959 785 1015 828 νυν
1036 762 1198 830 ἀνθοῦσαν

54 849 217 917 {odecimo
241 853 356 918 κακιάν
375 856 600 938 ἐξελεγχόντων
607 905 616 935 ,
640 855 734 935 αάτὺς
752 858 803 924 ἀεὶ
826 859 1019 946 περιέπων
1004 873 1196 949 εγκαρτερεῑ,

63 949 270 1072 πρόμαχος
300 947 425 1074 ἀριαχος
452 956 560 1042 ε’κεόνρι
590 957 756 1082 γενόμενος
777 959 833 1024 και
855 963 1019 1047 στόλος
989 969 1090 1027 ειπεῖν
1113 962 1194 1027 ἀδα-

89 1049 251 1132 μάντινος,
274 1075 328 1116 και
351 1056 465 1175 θαγμά
494 1057 597 1176 βορῖν,
619 1057 675 1122 και
694 1061 754 1182 γῆν
776 1058 948 1146 ἀναμιγνὺς
970 1061 1116 1150 οάρανιβ,
1137 1065 1193 1130 κατ’
1244 1071 1249 1076 ’

91 1147 177 1213 κατά
199 1150 270 1227 ’τοὺς
291 1153 503 1235 μαινομένους
523 1157 558 1221 τὸ
577 1161 634 1242 τῆς
649 1159 776 1246 γνωμης
797 1159 964 1244 ιστάμενον
984 1163 1193 1288 ἐλαρνόμενος

90 1274 149 1316 και
172 1250 290 1326 πάντας
316 1251 496 1337 άναθέματι
523 1261 641 1344 μακροῖ
670 1258 916 1343 παραπέμπων,
940 1261 998 1342 οὑχ
1022 1264 1055 1328 oi
1071 1263 1193 1340 τούτοις

35 1368 79 1422 10
91 1347 257 1430 ενέχονται
277 1358 342 1426 τοῖς
372 1353 579 1474 ἐγκλήμασιν,
613 1355 681 1420 ἀλλ’
715 1357 749 1421 οἳ
776 1361 824 1444 sni
843 1361 992 1446 Σκορπέιρ
1015 1361 1190 1448 ἐνεχομένῳ

91 1449 269 1535 προφέρειν
302 1447 402 1534 ἥκιστ’
438 1453 575 1520 ὀκνοῦσι.
627 1479 681 1521 και
676 1455 894 1543 τέταρτον“
871 1483 920 1523 οτι
942 1463 999 1526 και
1015 1461 1115 1546 μέχρι
1136 1464 1256 1526 νῦνίι

90 1547 175 1635 ὑρᾶν
196 1551 448 1636 ιὀχυρόςεται
415 1578 470 1618 τον
483 1557 581 1636 μόνον
597 1555 809 1624 ἀναλλοόωτόν
819 1582 853 1625 τε
868 1560 924 1624 καί
945 1556 1090 1626 ἀκτιοτον
1102 1561 1187 1639 θεόν,

90 1653 162 1737 φῶς
182 1650 289 1736 ἕτερόν
306 1673 340 1718 τε
361 1677 415 1717 και
441 1651 586 1720 ἀκτιστον
606 1657 640 1722 ἐκ
662 1663 840 1743 μεταβολῆς
861 1659 942 1746 πρὸς
961 1659 996 1726 τό
1018 1659 1189 1748 ὑφειμένον
1234 1693 1239 1704 ·

86 1751 253 1838 γινόμενον
275 1752 363 1840 αὑτηῖ
383 1760 548 1842 τρυφῶντι
570 1759 625 1823 καὶ
645 1762 878 1847 βλακευομένιρ.
900 1766 1000 1826 ταῦτα
1016 1761 1054 1846 δή
1076 1764 1188 1840 πάντα,

33 1879 75 1932 15
87 1851 145 1916 καί
165 1854 194 1916 εἰ
212 1877 244 1916 τι
265 1853 385 1918 τοότων
405 1855 560 1934 ἐπέκεινα,
583 1859 753 1944 προτάσεις
770 1861 858 1936 τινάς
890 1861 1062 1936 ἐκτιθέντες
1085 1861 1188 1944 ἀναμ-

88 1951 244 2040 φιβόλους
274 1952 552 2040 ἀναμφισβήτητον
584 1955 627 2034 οὑς
663 1957 746 2034 εἰκός
774 1961 889 2045 ἐπῆγον
916 1959 972 2024 καί
1000 1957 1035 2024 τό
1061 1963 1185 2043 συμπέ-

87 2077 210 2140 ρασμα,
233 2057 314 2138 λέγω
350 2053 387 2138 δή
421 2055 456 2120 τὸ
480 2059 698 2123 Μασαλιανόν
719 2056 875 2144 ὑπάρχειν
909 2059 1005 2125 αάτὸν
1026 2063 1059 2139 ἐξ
1083 2062 1186 2146 ἀρχῆς

86 2179 122 2218 τε
139 2155 195 2220 καί
213 2155 313 2240 μέχρι
330 2155 466 2242 τήμερον
484 2157 735 2246 άναμφιλεκτον·
759 2154 842 2224 εἶναι
862 2160 924 2247 γάρ
946 2162 1071 2245 ἀξίωμα
1091 2165 1184 2228 τοῦτο

86 2253 190 2318 πάλαι
211 2256 360 2340 κυρωθὲν
380 2264 446 2334 τοῖς
465 2281 498 2322 τε
521 2259 665 2344 θόραθεν
687 2258 927 2346 κμιῖήμετέροις
944 2263 1007 2326 ταῖν
1029 2261 1184 2326 ὑιὺασκά-

30 2361 160 2432 nosco,
182 2357 214 2434 ἐξ
240 2355 369 2440 ἀληθῶν
390 2358 446 2424 καί
469 2359 711 2444 ἀναμφιλέκτων
731 2359 883 2446 ὑρωνκαὶ
902 2361 1085 2448 προτάσεως
1107 2360 1185 2445 ἀλη-

85 2457 143 2532 θὲς
165 2453 247 2538 ὑμοὺ
269 2457 324 2522 καέ
354 2457 580 2544 ἀναντίρρητον
601 2463 633 2539 ἔξ
659 2460 795 2547 ἀνάγκης
823 2456 907 2528 εἶναι
925 2464 981 2528 καί
999 2462 1035 2526 τὸ
1059 2463 1183 2543 σομπέ-
1242 2463 1244 2468 ’

85 2581 207 2643 ρασμιι.
258 2559 313 2623 κατ’
343 2560 413 2640 τάχ’
439 2555 477 2622 ἀν
499 2563 649 2637 ε’ξωθεῖτο
674 2562 730 2645 τής
760 2563 965 2646 έπισκοπικῆς
989 2561 1079 2640 ἀξιάς
1102 2562 1181 2640 τότε,
1194 2581 1248 2634 ⁸2

83 2659 114 2722 εἰ
131 2657 177 2742 μή
200 2659 302 2749 ὑειλόρι
323 2661 379 2725 κατ’
394 2659 483 2747 φόβῳ
499 2661 672 2742 συοχεθεές
692 2659 785 2738 αὑτὸς
805 2660 1036 2750 ὑπερβάλλοντι
1052 2661 1109 2747 τήν
1122 2663 1182 2745 μὲν

81 2995 178 3060 putens
205 3003 238 3040 eo
262 3003 292 3041 se
310 2989 443 3058 reingiurn
467 2987 567 3041 bebere
595 2989 627 3041 nd
654 2987 847 3040 defensionem.
890 2989 968 3041 tertis
994 3003 1083 3054 vero,
1110 2991 1181 3059 qnod

81 3061 283 3127 Scorpionem
275 3076 326 3111 rem
346 3060 429 3128 longo
450 3075 482 3112 ex
501 3069 620 3126 tempore
637 3068 788 3112 accusatum
808 3059 853 3128 qni
872 3059 969 3126 primns
988 3075 1094 3126 semper
1116 3077 1180 3128 pnr.

81 3141 123 3184 tes
144 3134 170 3182 in
194 3131 300 3184 boercsi
320 3131 368 3184 iiis
390 3139 546 3197 exerceret,
572 3140 598 3183 et
625 3133 652 3184 in
672 3145 748 3198 quem
770 3131 851 3184 muitn
870 3132 968 3196 scripto
989 3130 1098 3200 vnigoto
1117 3139 1179 3183 snut

82 3205 183 3256 uviris
204 3203 231 3254 in
251 3210 340 3254 monte
361 3201 524 3270 praeciosis,
555 3219 624 3270 quoe
653 3203 739 3271 palem
762 3210 789 3254 ct
806 3203 892 3255 ndbuc
913 3202 1032 3254 iiorentis
1054 3203 1180 3270 impietu-

81 3276 116 3326 tis
136 3289 194 3325 cum
214 3275 406 3338 convicerunt,
438 3276 496 3343 ipse
514 3289 620 3342 semper
647 3276 766 3345 protegit
786 3283 813 3326 et
833 3275 926 3326 incitat
949 3282 978 3325 ut
995 3282 1179 3341 propugnator
1258 3303 1261 3310 ·

82 3346 125 3396 coi
145 3347 195 3411 ipsi
216 3361 270 3396 non
289 3347 473 3415 impugnetur,
500 3351 527 3395 et
547 3353 576 3397 ut
597 3345 720 3398 columns
744 3346 925 3409 adamantium
945 3347 1015 3412 qnod
1038 3348 1113 3398 vocis
1132 3355 1178 3398 tn.

80 3416 190 3468 muitum
213 3417 268 3468 edit
297 3425 324 3468 et
344 3424 440 3469 terrem
460 3415 539 3468 coelo
570 3420 725 3470 commiscet
751 3424 778 3468 et
806 3431 880 3468 moro
904 3417 1056 3468 insanorum
1081 3417 1177 3470 mentis

80 3487 251 3540 stabilitatem
269 3495 361 3539 servet
383 3495 410 3540 et
428 3488 504 3558 grnvi
523 3490 709 3541 exsecratione
731 3487 886 3554 omnesqui
905 3489 975 3538 omni
995 3489 1105 3540 crimino
1126 3503 1177 3539 rn-

81 3561 124 3610 cui
144 3567 205 3613 sunt
226 3560 385 3611 condemnat
403 3567 546 3626 propterea
572 3561 641 3628 quod
662 3559 834 3625 Scorpionem
853 3573 981 3610 sccussre
1000 3573 1055 3609 non
1073 3560 1176 3610 timent.

79 3638 172 3700 qusrtn
191 3631 325 3698 denique,
357 3631 426 3700 quod
454 3631 486 3682 ed
505 3631 575 3684 bunc
605 3631 674 3682 diem
697 3629 925 3696 comprehendero
949 3644 979 3679 ιο
1007 3627 1176 3680 dicitsnlmn

78 3701 269 3753 immutsbiiem
288 3710 315 3753 et
333 3702 479 3754 incrcntom
504 3703 597 3766 deum,
618 3701 708 3754 iumen
727 3700 839 3752 atterum
859 3707 886 3752 ct
903 3702 1068 3762 incrcstum,
1095 3708 1124 3751 nt
1142 3715 1176 3752 cx

77 3772 254 3825 trunslstione
279 3773 312 3826 od
337 3773 485 3826 subiectum
515 3773 664 3842 proiectum
691 3771 819 3824 insolenti
844 3769 885 3822 iili
913 3777 939 3822 ct
959 3770 1085 3822 dementi.
1134 3770 1176 3824 bis

77 3859 145 3896 vero
166 3851 192 3898 et
209 3843 297 3896 eliis
289 3859 399 3912 rusuper
418 3851 539 3911 tauquam
563 3843 791 3912 propositionibus
819 3841 931 3908 prolatis
952 3843 1060 3894 minimo
1078 3841 1176 3908 dubiis,

76 3923 105 3967 ut
125 3923 332 3968 consentaneum
362 3922 403 3968 est
433 3915 635 3968 conclusionem
661 3928 714 3966 non
744 3913 849 3966 dubiem
875 3911 1049 3978 adiecerunt,
1069 3913 1177 3966 scilicet

75 3987 143 4040 citru
169 3988 378 4039 controversiam
407 4001 482 4050 esse,
504 4001 562 4037 cum
583 3985 616 4036 sb
637 3986 712 4037 initio
742 3992 770 4036 et
788 3985 821 4036 sd
847 3983 874 4036 id
892 3989 996 4050 tempus
1015 3984 1176 4038 bissoiisuss

74 4059 183 4112 bscresi
201 4057 333 4110 addictum
349 4058 442 4112 inisse.
481 4057 532 4108 boc
551 4057 621 4108 euim
634 4057 738 4108 esiomo
760 4054 839 4106 iside
858 4055 997 4124 probatum
1018 4065 1058 4108 est
1078 4063 1104 4107 et
1125 4069 1175 4106 ex.

73 4131 158 4182 ternis
179 4135 206 4182 et
223 4130 332 4195 nostris,
346 4129 490 4198 magistris,
510 4129 613 4181 everis
630 4135 657 4180 et
673 4139 727 4179 non
741 4127 873 4194 ambiguis
885 4126 1111 4195 propositionibus
1123 4141 1175 4178 re.

72 4217 129 4258 ruru
148 4209 175 4254 et
194 4200 346 4254 evidentem
365 4200 564 4254 conclusionem
583 4199 738 4253 necessario
758 4199 898 4268 consequi.
916 4199 1086 4269 quomobrem
1106 4199 1175 4252 insto
1223 4251 1227 4258 ,

166 4296 331 4370 septam
350 4297 460 4369 σπου.
486 4295 541 4352 m.
561 4295 618 4354 ιιι.
714 4326 716 4334 J
942 4295 977 4350 οι
