2872 4784
180 299 401 366 ursuonmn
426 297 683 364 suznnumnu
709 299 819 361 xxix.
846 281 1036 364 stt-59.
1103 265 1175 361 265

86 463 229 548 Παλαμᾷ
247 463 438 544 προσέκειτο,
453 465 507 524 καί
518 463 726 543 ἀντέπραττεν
741 461 782 536 τός
803 459 840 527 τό
864 461 963 526 πσλλόι
987 462 1024 550 τῇ
1044 464 1103 526 τσῦ
1118 485 1179 527 σσ-

87 562 176 645 ζόγσιν
199 558 308 648 γνώμη
322 559 401 644 πρός
431 556 491 626 ὅσα
506 567 545 650 τῇ
557 567 707 650 θρησκείᾳ
722 564 887 627 συντείνει.
911 556 982 646 ιῖρτι
998 587 1031 646 γε
1044 559 1109 646 μὴν
1119 563 1178 644 τὴν

85 663 241 744 βασιλεισν
258 657 357 745 αόλην
379 665 509 728 εἰσιόντι
526 687 582 742 μαι
602 665 830 744 ιιαίΠαλαμᾶν
843 665 911 727 ἐκεῖ
923 662 1002 746 πρός
1027 666 1178 741 διαλέξεις

86 761 215 850 ἔφεδρον
240 755 321 826 εἶναι
349 767 467 842 μαθεῖν
488 768 649 848 ἐξεγένετο.
696 759 780 828 σόττσ
806 766 833 826 δ’
862 764 968 848 έχοντέ
984 788 1040 846 μσι
1060 767 1122 830 τῶν
1145 767 1180 832 έιι

64 865 222 949 διεφαλῆς
244 861 429 947 ἀλγηδόνων
451 861 511 946 ἔτι,
535 870 590 930 κατ’
611 861 709 940 οὕτως
730 867 973 948 ἀπροσδοκήτως
997 869 1209 953 έμπεπηδη-λ.
1224 873 1272 929 131
1285 886 1313 928 τ.

87 963 169 1040 ιιότσς
189 985 246 1042 μσι
267 967 325 1028 sod
347 959 478 1047 όγιόνσς,
502 969 626 1050 πρῶτον
646 969 706 1046 μέν
728 965 813 1042 ἔδοξε
827 970 952 1048 βέλτιον
975 963 1082 1032 οἴκαδε
1103 971 1198 1042 τέως·

87 1066 244 1128 έπσνιέναι
264 1087 320 1149 με,
348 1064 448 1148 μιιρό
473 1071 534 1130 τῶν
560 1069 832 1151 μεμηχανημένων
859 1065 1079 1150 προσκλήσεων
1100 1067 1183 1131 εἰιεό-

87 1189 144 1228 νων
166 1169 398 1249 φροντίσαντι·
440 1151 542 1231 λ’ναδ
566 1157 620 1230 σόν
642 1165 686 1251 μη
719 1169 839 1240 δειλίας
860 1164 1014 1230 όπὸνοιιιν
1031 1175 1096 1241 τοῖς
1122 1191 1181 1251 φι-

87 1263 286 1346 λσσιιιόμμσσι
310 1269 424 1346 δῶμεν,
448 1266 673 1350 έπερριόσαμὲν
699 1291 731 1332 τε
752 1259 849 1341 αὖθις
869 1265 924 1332 τόν
957 1269 1105 1350 λογισμὸν
1128 1271 1181 1333 καὶ

51 1386 79 1440 10
88 1365 279 1449 όνελόβσμεν
300 1363 447 1450 έιτιιτσός,
466 1374 531 1458 θεῷ
553 1369 585 1433 τὸ
606 1373 667 1432 πᾶν
692 1373 925 1453 ἐπιτρέψαντες.

185 1471 254 1532 Καὶ
278 1465 379 1545 οὕτως
401 1471 445 1544 εἰς
468 1469 568 1534 αόεόν
589 1467 705 1557 εἰσῄειν
725 1473 860 1551 βασιλέα
885 1473 925 1558 τῇ
945 1495 977 1535 τε
1004 1474 1067 1536 τῶν
1089 1464 1249 1556 εὖγε-ὅθ

86 1571 143 1633 τόν
155 1566 295 1634 συνόντα
311 1573 470 1658 παρουσίᾳ
489 1569 542 1634 κατ’
564 1567 632 1650 όμα
650 1573 703 1652 τῆς
719 1573 883 1652 βασιλίδος
899 1571 1032 1656 Ἑλένης,
1056 1576 1100 1659 τῷ
1125 1575 1183 1636 soal

86 1667 264 1751 συμβάντος
288 1671 405 1758 σχεδίῳ
437 1671 733 1757 παρηκολουθηκώς.
786 1669 824 1736 τιν’
846 1695 880 1754 γε
903 1669 968 1755 μην
999 1677 1067 1737 ἐκεῖ
1084 1681 1183 1760 λαλη-

86 1775 196 1856 θέντα,
220 1769 325 1836 ὁπόσα
350 1775 406 1836 καί
428 1765 489 1852 σῖα,
513 1773 566 1836 κατ’
591 1767 706 1847 όπωςό
730 1771 840 1855 καιρός
860 1773 1028 1855 ἐσχεδίασε
1051 1773 1088 1837 τό
1113 1797 1183 1838 ται-

50 1875 172 1953 λόαότα,
196 1872 334 1956 δηλιόσει
354 1872 392 1938 τά
414 1875 538 1959 ἐφεξῆς.
560 1877 733 1956 γέγραπται
754 1874 814 1954 μὲν
833 1871 892 1956 γάρ
912 1897 966 1954 μσι
990 1878 1082 1939 ταυτὶ
1105 1881 1184 1939 λεπ·

85 1979 188 2064 ποτέρᾳ
210 1974 275 2039 τινό
294 1974 449 2060 διηγήσει,
473 1977 638 2040 έκδέδοται
663 1977 692 2038 δ’
713 1974 755 2050 αἱς
779 1979 811 2052 έξ
830 1972 940 2059 ἑτέραν
961 1976 1022 2040 τῶν
1035 1979 1104 2042 ἐκεῖ
1120 2002 1183 2040 πα-

86 2073 202 2158 ρόντων
225 2071 316 2158 ἑνός,
337 2076 417 2161 πρὸς
447 2073 648 2162 έρσατησαντό
670 2102 740 2142 τινα
771 2080 871 2162 δῆθεν
889 2075 1070 2156 διεξιόντος.
1114 2073 1182 2161 ἔχει

86 2177 118 2239 δὲ
140 2173 284 2242 σδτωσέν.

88 2469 153 2536 patri
173 2468 378 2532 chtacuseno‚
398 2467 477 2520 valde
508 2469 548 2520 sic
575 2469 652 2520 etiam
671 2467 790 2522 l’ulamas
812 2467 926 2520 instabat
952 2476 979 2520 et
995 2469 1185 2524 adversabatur

89 2540 244 2610 plerumque
263 2541 387 2608 coniugis
413 2542 562 2592 sentcntiae
587 2541 615 2592 iu
634 2540 756 2592 omnibns
782 2539 878 2605 rebus,
897 2540 929 2592 ad
954 2557 1019 2610 quas
1041 2539 1116 2594 illum
1137 2557 1186 2596 sua

90 2611 168 2663 trabit
187 2613 297 2680 religio.
334 2627 420 2679 nuper
438 2620 526 2664 autern
551 2611 637 2664 aulam
656 2613 757 2680 regiam
787 2613 895 2664 intranti
922 2611 987 2662 mihi
1008 2613 1086 2664 etiam
1105 2613 1187 2668 Pala.

93 2697 156 2734 mnnr
176 2684 212 2736 ibi
233 2685 266 2736 ad
288 2683 481 2750 disputationes
501 2683 676 2736 instituendas
698 2683 879 2736 considentem
898 2683 998 2736 licebat
1015 2685 1118 2737 videre.
1147 2687 1187 2739 sic

95 2762 178 2807 autem
199 2755 266 2808 mibi
286 2757 374 2822 capite
393 2754 524 2808 laboranti
547 2756 626 2806 ctiam
648 2763 675 2806 et
694 2771 772 2824 quum
793 2761 844 2806 tam
865 2755 1014 2821 inopinanti
1032 2757 1187 2822 impeditum

92 2842 132 2876 me
151 2827 297 2879 certamine
319 2827 449 2892 viderem,
471 2827 583 2894 primum
603 2827 708 2895 quidem
735 2828 822 2880 uisum
843 2834 884 2878 est
903 2828 985 2880 satius
1005 2843 1065 2880 esse
1083 2827 1186 2881 domum

94 2903 142 2948 tam
161 2899 204 2950 diu
223 2899 324 2965 redire,
343 2899 429 2951 donec
448 2914 550 2950 mecum
569 2905 672 2965 paratas
692 2897 754 2951 illas
772 2897 836 2950 mibi
856 2899 1041 2952 accusationes
1061 2907 1186 2967 reputas.

94 2984 155 3021 sem.
194 2986 229 3022 ue
251 2972 334 3040 igitur
349 2971 474 3040 ignaviae
498 2971 677 3036 suspicionem
706 2970 775 3040 apud
801 2971 923 3024 homiues
948 2970 1053 3022 dioeces
1079 2971 1187 3024 subire.

94 3056 157 3105 mus,
176 3041 391 3096 confirmavimus
415 3058 506 3095 rursus
524 3043 683 3094 sententiam
712 3050 828 3095 nostram
853 3051 880 3095 et
896 3043 1048 3110 recepimus
1069 3043 1119 3095 deo
1137 3059 1186 3096 nos

96 3115 179 3165 omnia
198 3117 403 3167 committentes.

189 3214 279 3280 Atque
298 3213 335 3264 ita
353 3213 386 3264 ad
405 3213 489 3279 ipsum
511 3229 601 3282 regern
621 3212 798 3278 accedebam,
818 3227 895 3280 quam
924 3227 983 3263 cum
1003 3209 1187 3279 praesentibus

95 3282 228 3337 nobilibus
249 3284 314 3335 viris
337 3293 363 3336 et
382 3283 459 3336 simul
481 3301 538 3335 cum
559 3285 661 3336 Helena
679 3285 774 3352 regina
793 3283 958 3335 ollendebum
979 3283 1187 3349 colloquentem,

96 3364 198 3407 secutus
219 3357 371 3409 certaminis
394 3357 578 3408 temeritatem.
601 3364 627 3406 ct
646 3372 714 3423 quae
732 3356 769 3408 ibi
782 3357 914 3423 disputata
934 3364 994 3408 suut
1010 3370 1086 3424 quam
1106 3355 1188 3406 multa

97 3431 121 3474 et
139 3427 228 3494 qualis
251 3435 277 3478 et
296 3429 427 3496 quomodo
448 3435 550 3494 tempus
570 3427 633 3477 talia
652 3428 879 3494 suppeditaverit,
904 3427 1049 3480 narrabunt
1068 3441 1099 3477 ea
1120 3439 1188 3493 quae

96 3507 246 3564 sequuntur.
285 3500 460 3566 perscriptum
489 3507 529 3550 est
558 3501 626 3549 enim
652 3513 729 3550 ame
755 3499 807 3548 boc
836 3499 900 3549 satis
924 3500 998 3550 tenui
1025 3498 1187 3548 narratione.

96 3569 212 3621 traditum
234 3579 274 3622 cst
293 3579 380 3622 sutem
402 3569 434 3621 ab
453 3570 538 3622 altero
559 3584 612 3621 uno
630 3585 721 3621 eorum
741 3571 786 3638 qui
805 3569 841 3620 ibi
858 3569 997 3620 edlucrant
1012 3567 1187 3634 interroganti

95 3641 191 3692 cuidam
211 3643 256 3694 diu
276 3643 301 3695 id
321 3657 352 3696 se
371 3641 500 3694 iacturum
522 3643 703 3709 promittente.
741 3657 784 3694 rea
803 3654 869 3692 vcro
890 3641 929 3694 sic
950 3655 979 3692 se
999 3637 1087 3690 babet.

508 3839 773 3856 ---—-—--·--—v·
