<?xml version="1.0" encoding="UTF-8"?>
<!DOCTYPE html PUBLIC "-//W3C//DTD XHTML 1.0 Transitional//EN"
    "http://www.w3.org/TR/xhtml1/DTD/xhtml1-transitional.dtd">
<html xmlns="http://www.w3.org/1999/xhtml" xml:lang="en" lang="en">
 <head>
  <title>
</title>
<meta http-equiv="Content-Type" content="text/html;charset=utf-8" />
  <meta name='ocr-system' content='tesseract 3.04.00' />
  <meta name='ocr-capabilities' content='ocr_page ocr_carea ocr_par ocr_line ocrx_word'/>
</head>
<body>
  <div class='ocr_page' id='page_1' title='image "./corpusscriptoru14niebgoog_0286.png"; bbox 0 0 2872 4784; ppageno 0'>
   <div class='ocr_carea' id='block_1_1' title="bbox 240 248 1201 338">
    <p class='ocr_par' dir='ltr' id='par_1_1' title="bbox 240 248 1201 338">
     <span class='ocr_line' id='line_1_1' title="bbox 240 248 1201 338; baseline -0.01 0"><span class='ocrx_word' id='word_1_1' title='bbox 240 269 462 338; x_wconf 81' lang='lat' dir='ltr'><strong>rarsronmu</strong></span> <span class='ocrx_word' id='word_1_2' title='bbox 494 262 752 334; x_wconf 67' lang='lat' dir='ltr'><strong>medurnae</strong></span> <span class='ocrx_word' id='word_1_3' title='bbox 777 267 869 334; x_wconf 67' lang='grc' dir='ltr'>ττι</span> <span class='ocrx_word' id='word_1_4' title='bbox 891 248 1018 332; x_wconf 81' lang='grc'>1-8.</span> <span class='ocrx_word' id='word_1_5' title='bbox 1127 254 1201 330; x_wconf 77' lang='grc' dir='ltr'>εον</span> 
     </span>
    </p>
   </div>
   <div class='ocr_carea' id='block_1_2' title="bbox 59 423 1339 2640">
    <p class='ocr_par' dir='ltr' id='par_1_2' title="bbox 102 423 1240 822">
     <span class='ocr_line' id='line_1_2' title="bbox 198 423 1240 518; baseline -0.014 -14"><span class='ocrx_word' id='word_1_6' title='bbox 198 429 294 518; x_wconf 67' lang='grc' dir='ltr'>Ἄρτι</span> <span class='ocrx_word' id='word_1_7' title='bbox 318 438 381 499; x_wconf 76' lang='grc' dir='ltr'>τάν</span> <span class='ocrx_word' id='word_1_8' title='bbox 403 429 564 500; x_wconf 75' lang='grc' dir='ltr'><strong>εἰωθότων</strong></span> <span class='ocrx_word' id='word_1_9' title='bbox 586 433 642 514; x_wconf 72' lang='grc' dir='ltr'>τῆς</span> <span class='ocrx_word' id='word_1_10' title='bbox 672 432 812 515; x_wconf 80' lang='grc' dir='ltr'><strong><em>κεφαλῆς</em></strong></span> <span class='ocrx_word' id='word_1_11' title='bbox 833 423 1020 512; x_wconf 74' lang='grc' dir='ltr'>νοσημάτων</span> <span class='ocrx_word' id='word_1_12' title='bbox 1041 423 1150 510; x_wconf 76' lang='grc' dir='ltr'>βραχό</span> <span class='ocrx_word' id='word_1_13' title='bbox 1173 435 1240 493; x_wconf 60' lang='grc' dir='ltr'>τοῦ</span> 
     </span>
     <span class='ocr_line' id='line_1_3' title="bbox 104 521 1205 620; baseline -0.012 -17"><span class='ocrx_word' id='word_1_14' title='bbox 104 532 313 620; x_wconf 87' lang='grc' dir='ltr'>α’νενεγιιόντα</span> <span class='ocrx_word' id='word_1_15' title='bbox 339 534 395 600; x_wconf 88' lang='grc' dir='ltr'>τόν</span> <span class='ocrx_word' id='word_1_16' title='bbox 417 535 447 598; x_wconf 90' lang='grc' dir='ltr'><em>Γ</em></span> <span class='ocrx_word' id='word_1_17' title='bbox 446 535 584 616; x_wconf 82' lang='grc' dir='ltr'>ρηγοριῖν</span> <span class='ocrx_word' id='word_1_18' title='bbox 610 523 665 616; x_wconf 80' lang='grc' dir='ltr'><strong>ἧκε</strong></span> <span class='ocrx_word' id='word_1_19' title='bbox 696 532 799 595; x_wconf 75' lang='grc' dir='ltr'>καλιάν</span> <span class='ocrx_word' id='word_1_20' title='bbox 834 533 868 594; x_wconf 77' lang='grc' dir='ltr'><strong>ἐκ</strong></span> <span class='ocrx_word' id='word_1_21' title='bbox 889 531 1045 612; x_wconf 75' lang='grc' dir='ltr'>βασιλέως</span> <span class='ocrx_word' id='word_1_22' title='bbox 1067 521 1084 588; x_wconf 85' lang='grc' dir='ltr'>ό</span> <span class='ocrx_word' id='word_1_23' title='bbox 1105 529 1205 610; x_wconf 85' lang='grc' dir='ltr'>μίγιις</span> 
     </span>
     <span class='ocr_line' id='line_1_4' title="bbox 102 624 1205 721; baseline -0.014 -18"><span class='ocrx_word' id='word_1_24' title='bbox 102 642 275 721; x_wconf 73' lang='grc' dir='ltr'>λογοθίτης</span> <span class='ocrx_word' id='word_1_25' title='bbox 295 632 485 719; x_wconf 73' lang='grc' dir='ltr'><strong>ὁτουδήποτε</strong></span> <span class='ocrx_word' id='word_1_26' title='bbox 502 633 626 696; x_wconf 80' lang='grc' dir='ltr'>εἵνεκα·</span> <span class='ocrx_word' id='word_1_27' title='bbox 669 627 843 714; x_wconf 75' lang='grc' dir='ltr'>καίὲπειόη</span> <span class='ocrx_word' id='word_1_28' title='bbox 864 625 1127 712; x_wconf 74' lang='grc' dir='ltr'><strong><em>παρακρούεσθαι</em></strong></span> <span class='ocrx_word' id='word_1_29' title='bbox 1148 624 1205 690; x_wconf 73' lang='lat' dir='ltr'><strong>oda</strong></span> 
     </span>
     <span class='ocr_line' id='line_1_5' title="bbox 103 728 1203 822; baseline -0.011 -18"><span class='ocrx_word' id='word_1_30' title='bbox 103 741 188 822; x_wconf 74' lang='grc' dir='ltr'>ἐνῆν,</span> <span class='ocrx_word' id='word_1_31' title='bbox 213 735 351 811; x_wconf 82' lang='grc' dir='ltr'>όναστός</span> <span class='ocrx_word' id='word_1_32' title='bbox 379 734 492 822; x_wconf 80' lang='grc' dir='ltr'>α’πῄει,</span> <span class='ocrx_word' id='word_1_33' title='bbox 531 737 585 797; x_wconf 83' lang='grc' dir='ltr'><strong>καί</strong></span> <span class='ocrx_word' id='word_1_34' title='bbox 607 729 675 813; x_wconf 84' lang='grc' dir='ltr'><strong>άμα</strong></span> <span class='ocrx_word' id='word_1_35' title='bbox 697 729 831 814; x_wconf 76' lang='grc' dir='ltr'>εἱπόμην</span> <span class='ocrx_word' id='word_1_36' title='bbox 863 729 958 806; x_wconf 84' lang='grc' dir='ltr'>ου’τός</span> <span class='ocrx_word' id='word_1_37' title='bbox 981 728 1203 810; x_wconf 84' lang='grc' dir='ltr'>α’κουοόμενος.</span> 
     </span>
    </p>

    <p class='ocr_par' dir='ltr' id='par_1_3' title="bbox 74 829 1285 1326">
     <span class='ocr_line' id='line_1_6' title="bbox 74 829 1285 923; baseline -0.011 -19"><span class='ocrx_word' id='word_1_38' title='bbox 74 832 143 923; x_wconf 69' lang='grc' dir='ltr'><strong>δῆν</strong></span> <span class='ocrx_word' id='word_1_39' title='bbox 165 841 200 904; x_wconf 82' lang='lat' dir='ltr'><strong>dt</strong></span> <span class='ocrx_word' id='word_1_40' title='bbox 220 839 253 904; x_wconf 93' lang='grc' dir='ltr'>τό</span> <span class='ocrx_word' id='word_1_41' title='bbox 274 843 328 922; x_wconf 76' lang='grc' dir='ltr'>τῆς</span> <span class='ocrx_word' id='word_1_42' title='bbox 347 831 434 921; x_wconf 83' lang='grc' dir='ltr'>οόρας</span> <span class='ocrx_word' id='word_1_43' title='bbox 466 836 528 919; x_wconf 81' lang='grc' dir='ltr'><strong>ὀψὲ</strong></span> <span class='ocrx_word' id='word_1_44' title='bbox 559 831 639 914; x_wconf 88' lang='grc' dir='ltr'>μετά</span> <span class='ocrx_word' id='word_1_45' title='bbox 663 835 755 898; x_wconf 84' lang='grc' dir='ltr'>όόσιν</span> <span class='ocrx_word' id='word_1_46' title='bbox 782 832 884 914; x_wconf 67' lang='grc' dir='ltr'>η’λίου.</span> <span class='ocrx_word' id='word_1_47' title='bbox 936 829 991 895; x_wconf 81' lang='grc' dir='ltr'><strong>καί</strong></span> <span class='ocrx_word' id='word_1_48' title='bbox 1009 833 1208 914; x_wconf 83' lang='grc' dir='ltr'>προσεληλσ-</span> <span class='ocrx_word' id='word_1_49' title='bbox 1274 874 1285 886; x_wconf 39' lang='grc' dir='ltr'>ε</span> 
     </span>
     <span class='ocr_line' id='line_1_7' title="bbox 103 932 1211 1024; baseline -0.011 -19"><span class='ocrx_word' id='word_1_50' title='bbox 103 937 174 1015; x_wconf 84' lang='grc' dir='ltr'>θεός</span> <span class='ocrx_word' id='word_1_51' title='bbox 194 935 211 1003; x_wconf 87' lang='grc' dir='ltr'>ό</span> <span class='ocrx_word' id='word_1_52' title='bbox 229 943 260 1004; x_wconf 95' lang='grc' dir='ltr'><strong><em>Γ</em></strong></span> <span class='ocrx_word' id='word_1_53' title='bbox 258 941 415 1024; x_wconf 82' lang='grc' dir='ltr'>ρηγορᾶς,</span> <span class='ocrx_word' id='word_1_54' title='bbox 446 940 500 1001; x_wconf 84' lang='grc' dir='ltr'><strong>καί</strong></span> <span class='ocrx_word' id='word_1_55' title='bbox 530 932 587 1019; x_wconf 73' lang='grc' dir='ltr'><strong>τήν</strong></span> <span class='ocrx_word' id='word_1_56' title='bbox 611 937 766 1000; x_wconf 80' lang='grc' dir='ltr'>εἰωθυῖαν</span> <span class='ocrx_word' id='word_1_57' title='bbox 786 932 998 1007; x_wconf 84' lang='grc' dir='ltr'>α’πυδεόωκιός</span> <span class='ocrx_word' id='word_1_58' title='bbox 1018 935 1060 1019; x_wconf 77' lang='grc' dir='ltr'>τῷ</span> <span class='ocrx_word' id='word_1_59' title='bbox 1080 935 1211 1014; x_wconf 74' lang='grc' dir='ltr'>βασιλεῖ</span> 
     </span>
     <span class='ocr_line' id='line_1_8' title="bbox 104 1028 1206 1125; baseline -0.01 -19"><span class='ocrx_word' id='word_1_60' title='bbox 104 1040 297 1125; x_wconf 86' lang='grc' dir='ltr'>πρόσρησιν,</span> <span class='ocrx_word' id='word_1_61' title='bbox 318 1034 386 1105; x_wconf 78' lang='grc' dir='ltr'>εἶτα</span> <span class='ocrx_word' id='word_1_62' title='bbox 409 1039 568 1103; x_wconf 79' lang='grc' dir='ltr'>ἐκάθισεν.</span> <span class='ocrx_word' id='word_1_63' title='bbox 591 1035 682 1120; x_wconf 81' lang='grc' dir='ltr'>ἔτυχε</span> <span class='ocrx_word' id='word_1_64' title='bbox 703 1039 732 1100; x_wconf 86' lang='grc' dir='ltr'><strong>δ’</strong></span> <span class='ocrx_word' id='word_1_65' title='bbox 760 1034 863 1112; x_wconf 78' lang='grc' dir='ltr'>εόθός</span> <span class='ocrx_word' id='word_1_66' title='bbox 884 1037 952 1099; x_wconf 84' lang='grc' dir='ltr'><strong>ε’κεῖ</strong></span> <span class='ocrx_word' id='word_1_67' title='bbox 969 1037 1023 1106; x_wconf 75' lang='grc' dir='ltr'>κατ’</span> <span class='ocrx_word' id='word_1_68' title='bbox 1043 1028 1059 1096; x_wconf 83' lang='grc' dir='ltr'>ό</span> <span class='ocrx_word' id='word_1_69' title='bbox 1085 1037 1206 1097; x_wconf 88' lang='grc' dir='ltr'>Παλα-</span> 
     </span>
     <span class='ocr_line' id='line_1_9' title="bbox 103 1130 1206 1224; baseline -0.008 -20"><span class='ocrx_word' id='word_1_70' title='bbox 103 1145 169 1224; x_wconf 78' lang='grc' dir='ltr'><strong>μᾶς</strong></span> <span class='ocrx_word' id='word_1_71' title='bbox 188 1140 372 1220; x_wconf 84' lang='grc' dir='ltr'>συντισιοόυ,</span> <span class='ocrx_word' id='word_1_72' title='bbox 396 1140 453 1202; x_wconf 75' lang='lat' dir='ltr'><strong>oris</strong></span> <span class='ocrx_word' id='word_1_73' title='bbox 476 1133 535 1204; x_wconf 80' lang='grc' dir='ltr'><strong>οἶδ’</strong></span> <span class='ocrx_word' id='word_1_74' title='bbox 558 1134 722 1220; x_wconf 85' lang='grc' dir='ltr'>ὁπότερον,</span> <span class='ocrx_word' id='word_1_75' title='bbox 746 1135 810 1202; x_wconf 84' lang='grc' dir='ltr'>εἴτε</span> <span class='ocrx_word' id='word_1_76' title='bbox 835 1139 869 1201; x_wconf 74' lang='grc' dir='ltr'><strong>ἐκ</strong></span> <span class='ocrx_word' id='word_1_77' title='bbox 889 1136 1085 1218; x_wconf 75' lang='grc' dir='ltr'><strong>προθεσμίας</strong></span> <span class='ocrx_word' id='word_1_78' title='bbox 1107 1130 1206 1196; x_wconf 87' lang='grc' dir='ltr'>πάλαι</span> 
     </span>
     <span class='ocr_line' id='line_1_10' title="bbox 103 1232 1206 1326; baseline -0.005 -20"><span class='ocrx_word' id='word_1_79' title='bbox 103 1244 332 1325; x_wconf 87' lang='grc' dir='ltr'>μελετηθείσης</span> <span class='ocrx_word' id='word_1_80' title='bbox 364 1237 498 1326; x_wconf 77' lang='grc' dir='ltr'>ἔφεδρος</span> <span class='ocrx_word' id='word_1_81' title='bbox 529 1243 596 1304; x_wconf 84' lang='grc' dir='ltr'>ε’τιεϊ</span> <span class='ocrx_word' id='word_1_82' title='bbox 616 1261 677 1304; x_wconf 88' lang='grc' dir='ltr'><strong>που</strong></span> <span class='ocrx_word' id='word_1_83' title='bbox 702 1236 830 1322; x_wconf 84' lang='grc' dir='ltr'>παρεόν,</span> <span class='ocrx_word' id='word_1_84' title='bbox 861 1233 915 1301; x_wconf 75' lang='grc' dir='ltr'>εἴτ’</span> <span class='ocrx_word' id='word_1_85' title='bbox 938 1233 999 1298; x_wconf 80' lang='lat' dir='ltr'><strong>nini</strong></span> <span class='ocrx_word' id='word_1_86' title='bbox 1023 1236 1140 1318; x_wconf 85' lang='grc' dir='ltr'>τόχης,</span> <span class='ocrx_word' id='word_1_87' title='bbox 1162 1232 1206 1310; x_wconf 82' lang='grc' dir='ltr'>τός</span> 
     </span>
    </p>

    <p class='ocr_par' dir='ltr' id='par_1_4' title="bbox 59 1329 1207 1829">
     <span class='ocr_line' id='line_1_11' title="bbox 59 1329 1203 1427; baseline -0.008 -21"><span class='ocrx_word' id='word_1_88' title='bbox 59 1341 366 1424; x_wconf 61' lang='lat' dir='ltr'><strong>insinuarentur</strong></span> <span class='ocrx_word' id='word_1_89' title='bbox 398 1339 437 1406; x_wconf 87' lang='grc' dir='ltr'>τά</span> <span class='ocrx_word' id='word_1_90' title='bbox 461 1340 560 1405; x_wconf 88' lang='grc' dir='ltr'>πολλά</span> <span class='ocrx_word' id='word_1_91' title='bbox 585 1343 647 1404; x_wconf 85' lang='grc' dir='ltr'>τιόν</span> <span class='ocrx_word' id='word_1_92' title='bbox 669 1341 704 1404; x_wconf 78' lang='grc' dir='ltr'><strong>όν</strong></span> <span class='ocrx_word' id='word_1_93' title='bbox 726 1335 832 1427; x_wconf 81' lang='grc' dir='ltr'>νόσμρ</span> <span class='ocrx_word' id='word_1_94' title='bbox 852 1335 1055 1421; x_wconf 77' lang='grc' dir='ltr'><strong>πραγμάτων.</strong></span> <span class='ocrx_word' id='word_1_95' title='bbox 1110 1329 1146 1410; x_wconf 67' lang='lat' dir='ltr'><strong>ir</strong></span> <span class='ocrx_word' id='word_1_96' title='bbox 1166 1331 1203 1420; x_wconf 74' lang='grc' dir='ltr'><strong>θη</strong></span> 
     </span>
     <span class='ocr_line' id='line_1_12' title="bbox 104 1431 1206 1526; baseline -0.005 -18"><span class='ocrx_word' id='word_1_97' title='bbox 104 1442 162 1508; x_wconf 87' lang='grc' dir='ltr'><strong>καί</strong></span> <span class='ocrx_word' id='word_1_98' title='bbox 183 1442 221 1507; x_wconf 88' lang='grc' dir='ltr'>τά</span> <span class='ocrx_word' id='word_1_99' title='bbox 246 1446 420 1526; x_wconf 75' lang='grc' dir='ltr'>παλαιγενῆ</span> <span class='ocrx_word' id='word_1_100' title='bbox 443 1446 624 1524; x_wconf 73' lang='grc' dir='ltr'>προπετοῦς,</span> <span class='ocrx_word' id='word_1_101' title='bbox 654 1440 709 1505; x_wconf 85' lang='grc' dir='ltr'><strong>καί</strong></span> <span class='ocrx_word' id='word_1_102' title='bbox 734 1431 791 1504; x_wconf 85' lang='grc' dir='ltr'><strong>όσα</strong></span> <span class='ocrx_word' id='word_1_103' title='bbox 815 1437 916 1523; x_wconf 83' lang='grc' dir='ltr'>λη’θης</span> <span class='ocrx_word' id='word_1_104' title='bbox 949 1440 1075 1520; x_wconf 84' lang='grc' dir='ltr'>μακράς</span> <span class='ocrx_word' id='word_1_105' title='bbox 1104 1461 1206 1502; x_wconf 82' lang='grc' dir='ltr'>συνα-</span> 
     </span>
     <span class='ocr_line' id='line_1_13' title="bbox 105 1539 1207 1631; baseline -0.004 -23"><span class='ocrx_word' id='word_1_106' title='bbox 105 1544 281 1629; x_wconf 76' lang='grc' dir='ltr'>πήχθησαυ</span> <span class='ocrx_word' id='word_1_107' title='bbox 303 1543 460 1630; x_wconf 83' lang='grc' dir='ltr'>ῥεόμασι,</span> <span class='ocrx_word' id='word_1_108' title='bbox 490 1545 624 1631; x_wconf 80' lang='grc' dir='ltr'>μηδαμῇ</span> <span class='ocrx_word' id='word_1_109' title='bbox 654 1543 692 1630; x_wconf 72' lang='grc' dir='ltr'>τῇ</span> <span class='ocrx_word' id='word_1_110' title='bbox 712 1543 859 1628; x_wconf 84' lang='grc' dir='ltr'>παροόση</span> <span class='ocrx_word' id='word_1_111' title='bbox 892 1539 1087 1624; x_wconf 79' lang='grc' dir='ltr'>προσήκοντα</span> <span class='ocrx_word' id='word_1_112' title='bbox 1112 1543 1207 1626; x_wconf 81' lang='grc' dir='ltr'>χρείρ</span> 
     </span>
     <span class='ocr_line' id='line_1_14' title="bbox 105 1634 1205 1729; baseline -0.005 -21"><span class='ocrx_word' id='word_1_113' title='bbox 105 1641 332 1729; x_wconf 73' lang='grc' dir='ltr'>προδιαλαβάν</span> <span class='ocrx_word' id='word_1_114' title='bbox 362 1643 417 1708; x_wconf 79' lang='grc' dir='ltr'><strong>καί</strong></span> <span class='ocrx_word' id='word_1_115' title='bbox 441 1641 723 1728; x_wconf 81' lang='grc' dir='ltr'>τερατευσάμενος,</span> <span class='ocrx_word' id='word_1_116' title='bbox 744 1641 788 1718; x_wconf 80' lang='grc' dir='ltr'><strong>ολς</strong></span> <span class='ocrx_word' id='word_1_117' title='bbox 810 1639 938 1721; x_wconf 79' lang='grc' dir='ltr'>ελιόθει,</span> <span class='ocrx_word' id='word_1_118' title='bbox 967 1641 1022 1704; x_wconf 89' lang='grc' dir='ltr'><strong>καί</strong></span> <span class='ocrx_word' id='word_1_119' title='bbox 1042 1634 1103 1704; x_wconf 82' lang='grc' dir='ltr'><strong>ὅσα</strong></span> <span class='ocrx_word' id='word_1_120' title='bbox 1125 1636 1205 1723; x_wconf 87' lang='grc' dir='ltr'>πρός</span> 
     </span>
     <span class='ocr_line' id='line_1_15' title="bbox 107 1739 1206 1829; baseline -0.005 -20"><span class='ocrx_word' id='word_1_121' title='bbox 107 1743 237 1810; x_wconf 79' lang='grc' dir='ltr'>ἔπαινον</span> <span class='ocrx_word' id='word_1_122' title='bbox 259 1743 573 1827; x_wconf 80' lang='grc' dir='ltr'>ε’γκαλλωιιισάμενος</span> <span class='ocrx_word' id='word_1_123' title='bbox 594 1742 711 1810; x_wconf 78' lang='grc' dir='ltr'>ἑαυτοῦ</span> <span class='ocrx_word' id='word_1_124' title='bbox 729 1747 856 1828; x_wconf 87' lang='grc' dir='ltr'>περίτι</span> <span class='ocrx_word' id='word_1_125' title='bbox 877 1745 932 1826; x_wconf 75' lang='grc' dir='ltr'>τῆς</span> <span class='ocrx_word' id='word_1_126' title='bbox 955 1743 989 1806; x_wconf 71' lang='grc' dir='ltr'><strong>ἐν</strong></span> <span class='ocrx_word' id='word_1_127' title='bbox 1005 1739 1110 1829; x_wconf 84' lang='grc' dir='ltr'>λαόρρι</span> <span class='ocrx_word' id='word_1_128' title='bbox 1132 1742 1206 1804; x_wconf 83' lang='grc' dir='ltr'><strong>ότιυ-Ι</strong></span> 
     </span>
    </p>

    <p class='ocr_par' dir='ltr' id='par_1_5' title="bbox 62 1838 1242 2338">
     <span class='ocr_line' id='line_1_16' title="bbox 62 1838 1205 1932; baseline -0.003 -22"><span class='ocrx_word' id='word_1_129' title='bbox 62 1847 216 1932; x_wconf 77' lang='grc' dir='ltr'>15τριβῆς</span> <span class='ocrx_word' id='word_1_130' title='bbox 245 1850 300 1911; x_wconf 85' lang='grc' dir='ltr'><strong>καί</strong></span> <span class='ocrx_word' id='word_1_131' title='bbox 336 1849 392 1931; x_wconf 79' lang='grc' dir='ltr'>τῆς</span> <span class='ocrx_word' id='word_1_132' title='bbox 414 1845 495 1931; x_wconf 88' lang='grc' dir='ltr'>πρός</span> <span class='ocrx_word' id='word_1_133' title='bbox 516 1845 680 1930; x_wconf 88' lang='grc' dir='ltr'>Βαρλαάμ</span> <span class='ocrx_word' id='word_1_134' title='bbox 702 1847 886 1928; x_wconf 79' lang='grc' dir='ltr'>όιαλίξεως,</span> <span class='ocrx_word' id='word_1_135' title='bbox 916 1845 971 1907; x_wconf 85' lang='grc' dir='ltr'><strong>καί</strong></span> <span class='ocrx_word' id='word_1_136' title='bbox 990 1838 1141 1906; x_wconf 88' lang='grc' dir='ltr'>τοιοότων</span> <span class='ocrx_word' id='word_1_137' title='bbox 1164 1839 1205 1926; x_wconf 70' lang='grc' dir='ltr'><strong>δὴ</strong></span> 
     </span>
     <span class='ocr_line' id='line_1_17' title="bbox 107 1940 1206 2031; baseline -0.006 -18"><span class='ocrx_word' id='word_1_138' title='bbox 107 1949 201 2014; x_wconf 80' lang='grc' dir='ltr'>τινοόν</span> <span class='ocrx_word' id='word_1_139' title='bbox 220 1946 278 2022; x_wconf 89' lang='grc' dir='ltr'>τάς</span> <span class='ocrx_word' id='word_1_140' title='bbox 296 1951 359 2013; x_wconf 79' lang='grc' dir='ltr'>τάν</span> <span class='ocrx_word' id='word_1_141' title='bbox 381 1947 630 2031; x_wconf 83' lang='grc' dir='ltr'>παρατυχόντων</span> <span class='ocrx_word' id='word_1_142' title='bbox 649 1943 857 2030; x_wconf 73' lang='grc' dir='ltr'>ἐμπεπληκώς</span> <span class='ocrx_word' id='word_1_143' title='bbox 882 1941 993 2029; x_wconf 64' lang='lat' dir='ltr'><strong>nizonis,</strong></span> <span class='ocrx_word' id='word_1_144' title='bbox 1023 1942 1078 2007; x_wconf 73' lang='grc' dir='ltr'>κατ’</span> <span class='ocrx_word' id='word_1_145' title='bbox 1100 1940 1206 2020; x_wconf 76' lang='grc' dir='ltr'>δείξας</span> 
     </span>
     <span class='ocr_line' id='line_1_18' title="bbox 107 2041 1207 2130; baseline -0.004 -20"><span class='ocrx_word' id='word_1_146' title='bbox 107 2043 207 2112; x_wconf 78' lang='grc' dir='ltr'>οἱονεί</span> <span class='ocrx_word' id='word_1_147' title='bbox 225 2047 538 2130; x_wconf 79' lang='grc' dir='ltr'>προβεβουλευμένον</span> <span class='ocrx_word' id='word_1_148' title='bbox 559 2041 641 2111; x_wconf 81' lang='grc' dir='ltr'>εἶναι</span> <span class='ocrx_word' id='word_1_149' title='bbox 663 2046 718 2111; x_wconf 76' lang='grc' dir='ltr'>κατ’</span> <span class='ocrx_word' id='word_1_150' title='bbox 739 2048 905 2128; x_wconf 73' lang='grc' dir='ltr'>ἐπίβουλοι</span> <span class='ocrx_word' id='word_1_151' title='bbox 934 2041 990 2109; x_wconf 89' lang='grc' dir='ltr'>τόν</span> <span class='ocrx_word' id='word_1_152' title='bbox 1012 2042 1128 2108; x_wconf 83' lang='grc' dir='ltr'>σκοπόν</span> <span class='ocrx_word' id='word_1_153' title='bbox 1150 2043 1207 2126; x_wconf 75' lang='grc' dir='ltr'>τῆς</span> 
     </span>
     <span class='ocr_line' id='line_1_19' title="bbox 106 2145 1207 2232; baseline -0.003 -21"><span class='ocrx_word' id='word_1_154' title='bbox 106 2150 282 2232; x_wconf 79' lang='grc' dir='ltr'>τηνικαῦτα</span> <span class='ocrx_word' id='word_1_155' title='bbox 302 2147 404 2212; x_wconf 73' lang='lat' dir='ltr'><strong>edred</strong></span> <span class='ocrx_word' id='word_1_156' title='bbox 424 2171 459 2232; x_wconf 93' lang='grc' dir='ltr'><strong>γε</strong></span> <span class='ocrx_word' id='word_1_157' title='bbox 487 2151 658 2232; x_wconf 74' lang='grc' dir='ltr'>ἐπιδημίας</span> <span class='ocrx_word' id='word_1_158' title='bbox 680 2145 759 2231; x_wconf 88' lang='grc' dir='ltr'>πρός</span> <span class='ocrx_word' id='word_1_159' title='bbox 782 2145 992 2230; x_wconf 75' lang='grc' dir='ltr'>ἐπιδεικτικὴν</span> <span class='ocrx_word' id='word_1_160' title='bbox 1015 2146 1207 2232; x_wconf 83' lang='grc' dir='ltr'>φαντασίαν,</span> 
     </span>
     <span class='ocr_line' id='line_1_20' title="bbox 105 2240 1242 2338; baseline -0.002 -26"><span class='ocrx_word' id='word_1_161' title='bbox 105 2242 177 2312; x_wconf 77' lang='grc' dir='ltr'>εἶτα</span> <span class='ocrx_word' id='word_1_162' title='bbox 202 2251 337 2331; x_wconf 80' lang='grc' dir='ltr'>ἐσίγησε.</span> <span class='ocrx_word' id='word_1_163' title='bbox 380 2247 436 2312; x_wconf 88' lang='grc' dir='ltr'><strong>καί</strong></span> <span class='ocrx_word' id='word_1_164' title='bbox 454 2249 507 2312; x_wconf 72' lang='grc' dir='ltr'><strong>ἵνα</strong></span> <span class='ocrx_word' id='word_1_165' title='bbox 529 2249 588 2312; x_wconf 80' lang='grc' dir='ltr'>τάν</span> <span class='ocrx_word' id='word_1_166' title='bbox 606 2253 692 2338; x_wconf 77' lang='grc' dir='ltr'>μέσην</span> <span class='ocrx_word' id='word_1_167' title='bbox 715 2253 885 2333; x_wconf 75' lang='grc' dir='ltr'>παρέλθω,</span> <span class='ocrx_word' id='word_1_168' title='bbox 908 2245 961 2312; x_wconf 76' lang='grc' dir='ltr'>κατ’</span> <span class='ocrx_word' id='word_1_169' title='bbox 982 2240 1042 2312; x_wconf 78' lang='grc' dir='ltr'><strong>ὅσα</strong></span> <span class='ocrx_word' id='word_1_170' title='bbox 1065 2252 1129 2321; x_wconf 76' lang='grc' dir='ltr'>τοῖς</span> <span class='ocrx_word' id='word_1_171' title='bbox 1149 2243 1242 2326; x_wconf 65' lang='lat' dir='ltr'><strong>ips-⁸</strong></span> 
     </span>
    </p>

    <p class='ocr_par' dir='ltr' id='par_1_6' title="bbox 64 2341 1339 2640">
     <span class='ocr_line' id='line_1_21' title="bbox 64 2341 1208 2433; baseline -0.007 -17"><span class='ocrx_word' id='word_1_172' title='bbox 64 2353 250 2432; x_wconf 73' lang='grc' dir='ltr'>θθπροσθεν</span> <span class='ocrx_word' id='word_1_173' title='bbox 272 2350 453 2433; x_wconf 84' lang='grc' dir='ltr'>α’ναγκιιιόις</span> <span class='ocrx_word' id='word_1_174' title='bbox 475 2352 616 2432; x_wconf 87' lang='grc' dir='ltr'>γίγνοιντ’</span> <span class='ocrx_word' id='word_1_175' title='bbox 640 2341 679 2414; x_wconf 80' lang='grc' dir='ltr'><strong>όν</strong></span> <span class='ocrx_word' id='word_1_176' title='bbox 697 2351 861 2430; x_wconf 78' lang='grc' dir='ltr'>ἐμπόδιόν,</span> <span class='ocrx_word' id='word_1_177' title='bbox 884 2347 963 2432; x_wconf 89' lang='grc' dir='ltr'>πρός</span> <span class='ocrx_word' id='word_1_178' title='bbox 986 2345 1021 2412; x_wconf 88' lang='grc' dir='ltr'>τὸ</span> <span class='ocrx_word' id='word_1_179' title='bbox 1043 2345 1208 2428; x_wconf 82' lang='grc' dir='ltr'>άπροσόό-</span> 
     </span>
     <span class='ocr_line' id='line_1_22' title="bbox 107 2447 1208 2537; baseline -0.002 -23"><span class='ocrx_word' id='word_1_180' title='bbox 107 2473 199 2535; x_wconf 85' lang='grc' dir='ltr'>κητον</span> <span class='ocrx_word' id='word_1_181' title='bbox 220 2454 330 2516; x_wconf 79' lang='grc' dir='ltr'><strong>τουτολΙ</strong></span> <span class='ocrx_word' id='word_1_182' title='bbox 361 2453 417 2515; x_wconf 87' lang='grc' dir='ltr'><strong>καί</strong></span> <span class='ocrx_word' id='word_1_183' title='bbox 436 2453 597 2537; x_wconf 77' lang='grc' dir='ltr'>αἰφνίδιον</span> <span class='ocrx_word' id='word_1_184' title='bbox 624 2450 930 2535; x_wconf 74' lang='grc' dir='ltr'>προοιμιασάμενοι,</span> <span class='ocrx_word' id='word_1_185' title='bbox 953 2447 1007 2514; x_wconf 84' lang='grc' dir='ltr'><strong>καί</strong></span> <span class='ocrx_word' id='word_1_186' title='bbox 1028 2449 1208 2533; x_wconf 85' lang='grc' dir='ltr'>προόιολο-</span> 
     </span>
     <span class='ocr_line' id='line_1_23' title="bbox 107 2546 1339 2640; baseline -0.001 -24"><span class='ocrx_word' id='word_1_187' title='bbox 107 2551 177 2634; x_wconf 79' lang='grc' dir='ltr'>βιόν</span> <span class='ocrx_word' id='word_1_188' title='bbox 198 2547 259 2619; x_wconf 86' lang='grc' dir='ltr'><strong>όσα</strong></span> <span class='ocrx_word' id='word_1_189' title='bbox 281 2553 372 2636; x_wconf 85' lang='grc' dir='ltr'>είκός,</span> <span class='ocrx_word' id='word_1_190' title='bbox 395 2556 451 2618; x_wconf 80' lang='grc' dir='ltr'>κατ’</span> <span class='ocrx_word' id='word_1_191' title='bbox 480 2551 682 2640; x_wconf 82' lang='grc' dir='ltr'>όΓρηγοροῖς</span> <span class='ocrx_word' id='word_1_192' title='bbox 705 2547 753 2618; x_wconf 86' lang='grc' dir='ltr'>ότι</span> <span class='ocrx_word' id='word_1_193' title='bbox 784 2546 824 2618; x_wconf 78' lang='grc' dir='ltr'><strong>όν</strong></span> <span class='ocrx_word' id='word_1_194' title='bbox 850 2554 905 2618; x_wconf 82' lang='grc' dir='ltr'><strong>καί</strong></span> <span class='ocrx_word' id='word_1_195' title='bbox 937 2549 1017 2636; x_wconf 88' lang='grc' dir='ltr'>πρός</span> <span class='ocrx_word' id='word_1_196' title='bbox 1038 2549 1140 2615; x_wconf 61' lang='lat' dir='ltr'><strong>usito&amp;</strong></span> <span class='ocrx_word' id='word_1_197' title='bbox 1159 2547 1339 2634; x_wconf 73' lang='grc' dir='ltr'>εἴηλ.λ.λθτ.</span> 
     </span>
    </p>
   </div>
   <div class='ocr_carea' id='block_1_3' title="bbox 106 2833 1323 4264">
    <p class='ocr_par' dir='ltr' id='par_1_7' title="bbox 106 2833 1323 4264">
     <span class='ocr_line' id='line_1_24' title="bbox 211 2833 1207 2904; baseline 0.001 -18"><span class='ocrx_word' id='word_1_198' title='bbox 211 2833 288 2898; x_wconf 81' lang='lat' dir='ltr'><strong>Quae</strong></span> <span class='ocrx_word' id='word_1_199' title='bbox 307 2843 395 2888; x_wconf 86' lang='lat' dir='ltr'><strong>autem</strong></span> <span class='ocrx_word' id='word_1_200' title='bbox 413 2843 561 2888; x_wconf 81' lang='lat' dir='ltr'><strong>memoratu</strong></span> <span class='ocrx_word' id='word_1_201' title='bbox 579 2836 702 2904; x_wconf 75' lang='lat' dir='ltr'>digniora</span> <span class='ocrx_word' id='word_1_202' title='bbox 723 2841 785 2887; x_wconf 87' lang='lat' dir='ltr'><strong>sunt</strong></span> <span class='ocrx_word' id='word_1_203' title='bbox 798 2842 825 2888; x_wconf 86' lang='lat' dir='ltr'><strong>et</strong></span> <span class='ocrx_word' id='word_1_204' title='bbox 843 2849 911 2904; x_wconf 85' lang='lat' dir='ltr'><strong>quae</strong></span> <span class='ocrx_word' id='word_1_205' title='bbox 929 2833 1095 2902; x_wconf 85' lang='lat' dir='ltr'><strong>potissimum</strong></span> <span class='ocrx_word' id='word_1_206' title='bbox 1116 2833 1207 2887; x_wconf 83' lang='lat' dir='ltr'><strong>audias</strong></span> 
     </span>
     <span class='ocr_line' id='line_1_25' title="bbox 110 2904 1207 2976; baseline -0.005 -18"><span class='ocrx_word' id='word_1_207' title='bbox 110 2919 226 2958; x_wconf 83' lang='lat' dir='ltr'><strong>necesse</strong></span> <span class='ocrx_word' id='word_1_208' title='bbox 249 2913 299 2970; x_wconf 86' lang='lat' dir='ltr'><strong>est,</strong></span> <span class='ocrx_word' id='word_1_209' title='bbox 319 2921 350 2958; x_wconf 87' lang='lat' dir='ltr'><strong>ea</strong></span> <span class='ocrx_word' id='word_1_210' title='bbox 370 2908 452 2976; x_wconf 83' lang='lat' dir='ltr'><strong>igitur</strong></span> <span class='ocrx_word' id='word_1_211' title='bbox 470 2907 591 2960; x_wconf 90' lang='lat' dir='ltr'><strong>breviter</strong></span> <span class='ocrx_word' id='word_1_212' title='bbox 610 2915 637 2958; x_wconf 90' lang='lat' dir='ltr'><strong>et</strong></span> <span class='ocrx_word' id='word_1_213' title='bbox 658 2908 804 2959; x_wconf 84' lang='lat' dir='ltr'><strong>summatim</strong></span> <span class='ocrx_word' id='word_1_214' title='bbox 822 2905 871 2959; x_wconf 88' lang='lat' dir='ltr'><strong>tibi</strong></span> <span class='ocrx_word' id='word_1_215' title='bbox 891 2904 1111 2958; x_wconf 77' lang='lat' dir='ltr'><strong>commemorabo.</strong></span> <span class='ocrx_word' id='word_1_216' title='bbox 1138 2905 1207 2959; x_wconf 86' lang='lat' dir='ltr'><strong>Gre.</strong></span> 
     </span>
     <span class='ocr_line' id='line_1_26' title="bbox 110 2976 1323 3047; baseline -0.005 -17"><span class='ocrx_word' id='word_1_217' title='bbox 110 2991 191 3047; x_wconf 72' lang='lat' dir='ltr'><strong>goras</strong></span> <span class='ocrx_word' id='word_1_218' title='bbox 212 2993 271 3028; x_wconf 88' lang='lat' dir='ltr'><strong>oum</strong></span> <span class='ocrx_word' id='word_1_219' title='bbox 289 2979 367 3030; x_wconf 87' lang='lat' dir='ltr'><strong>modo</strong></span> <span class='ocrx_word' id='word_1_220' title='bbox 387 2994 420 3030; x_wconf 83' lang='lat' dir='ltr'><strong>ex</strong></span> <span class='ocrx_word' id='word_1_221' title='bbox 440 2981 577 3032; x_wconf 85' lang='lat' dir='ltr'><strong>consuetis</strong></span> <span class='ocrx_word' id='word_1_222' title='bbox 602 2979 696 3046; x_wconf 87' lang='lat' dir='ltr'><strong>capitis</strong></span> <span class='ocrx_word' id='word_1_223' title='bbox 715 2977 851 3032; x_wconf 86' lang='lat' dir='ltr'><strong>doloribus</strong></span> <span class='ocrx_word' id='word_1_224' title='bbox 871 2979 943 3031; x_wconf 83' lang='lat' dir='ltr'><strong>rlres</strong></span> <span class='ocrx_word' id='word_1_225' title='bbox 974 2991 1117 3044; x_wconf 76' lang='lat' dir='ltr'><strong>parumper</strong></span> <span class='ocrx_word' id='word_1_226' title='bbox 1132 2976 1209 3028; x_wconf 81' lang='lat' dir='ltr'><strong>refe.</strong></span> <span class='ocrx_word' id='word_1_227' title='bbox 1314 2977 1323 2992; x_wconf 66' lang='lat'>⁸</span> 
     </span>
     <span class='ocr_line' id='line_1_27' title="bbox 110 3047 1209 3119; baseline -0.001 -19"><span class='ocrx_word' id='word_1_228' title='bbox 110 3051 209 3112; x_wconf 86' lang='lat' dir='ltr'><strong>nisset,</strong></span> <span class='ocrx_word' id='word_1_229' title='bbox 235 3050 396 3102; x_wconf 81' lang='lat' dir='ltr'><strong>invitaturus</strong></span> <span class='ocrx_word' id='word_1_230' title='bbox 416 3067 474 3102; x_wconf 87' lang='lat' dir='ltr'><strong>eum</strong></span> <span class='ocrx_word' id='word_1_231' title='bbox 500 3051 532 3102; x_wconf 88' lang='lat' dir='ltr'><strong>nb</strong></span> <span class='ocrx_word' id='word_1_232' title='bbox 560 3052 721 3119; x_wconf 78' lang='lat' dir='ltr'><strong>imperatore</strong></span> <span class='ocrx_word' id='word_1_233' title='bbox 745 3051 840 3103; x_wconf 86' lang='lat' dir='ltr'><strong>missus</strong></span> <span class='ocrx_word' id='word_1_234' title='bbox 868 3058 908 3102; x_wconf 87' lang='lat' dir='ltr'><strong>est</strong></span> <span class='ocrx_word' id='word_1_235' title='bbox 935 3063 1045 3118; x_wconf 72' lang='lat' dir='ltr'><strong>maguus</strong></span> <span class='ocrx_word' id='word_1_236' title='bbox 1069 3047 1209 3116; x_wconf 79' lang='lat' dir='ltr'><strong>logotheta</strong></span> 
     </span>
     <span class='ocr_line' id='line_1_28' title="bbox 111 3119 1209 3192; baseline -0.003 -20"><span class='ocrx_word' id='word_1_237' title='bbox 111 3134 272 3191; x_wconf 86' lang='lat' dir='ltr'><strong>quecunque</strong></span> <span class='ocrx_word' id='word_1_238' title='bbox 291 3122 324 3173; x_wconf 94' lang='lat' dir='ltr'><strong>de</strong></span> <span class='ocrx_word' id='word_1_239' title='bbox 343 3137 437 3175; x_wconf 82' lang='lat' dir='ltr'><strong>cauae:</strong></span> <span class='ocrx_word' id='word_1_240' title='bbox 460 3124 530 3192; x_wconf 88' lang='lat' dir='ltr'><strong>quod</strong></span> <span class='ocrx_word' id='word_1_241' title='bbox 550 3139 607 3175; x_wconf 87' lang='lat' dir='ltr'><strong>cum</strong></span> <span class='ocrx_word' id='word_1_242' title='bbox 627 3137 756 3174; x_wconf 86' lang='lat' dir='ltr'><strong>excusare</strong></span> <span class='ocrx_word' id='word_1_243' title='bbox 780 3137 835 3173; x_wconf 89' lang='lat' dir='ltr'><strong>uon</strong></span> <span class='ocrx_word' id='word_1_244' title='bbox 854 3129 962 3189; x_wconf 87' lang='lat' dir='ltr'><strong>posset,</strong></span> <span class='ocrx_word' id='word_1_245' title='bbox 981 3135 1123 3188; x_wconf 71' lang='lat' dir='ltr'><strong>assurgens</strong></span> <span class='ocrx_word' id='word_1_246' title='bbox 1143 3119 1209 3170; x_wconf 88' lang='lat' dir='ltr'><strong>abiit</strong></span> 
     </span>
     <span class='ocr_line' id='line_1_29' title="bbox 112 3189 1208 3263; baseline -0.001 -20"><span class='ocrx_word' id='word_1_247' title='bbox 112 3200 140 3244; x_wconf 86' lang='lat' dir='ltr'><strong>et</strong></span> <span class='ocrx_word' id='word_1_248' title='bbox 157 3193 297 3245; x_wconf 85' lang='lat' dir='ltr'><strong>auditurus</strong></span> <span class='ocrx_word' id='word_1_249' title='bbox 317 3209 375 3245; x_wconf 88' lang='lat' dir='ltr'><strong>eum</strong></span> <span class='ocrx_word' id='word_1_250' title='bbox 394 3197 453 3261; x_wconf 88' lang='lat' dir='ltr'><strong>ipse</strong></span> <span class='ocrx_word' id='word_1_251' title='bbox 472 3203 599 3263; x_wconf 89' lang='lat' dir='ltr'><strong>sequutus</strong></span> <span class='ocrx_word' id='word_1_252' title='bbox 619 3210 685 3246; x_wconf 87' lang='lat' dir='ltr'><strong>sum.</strong></span> <span class='ocrx_word' id='word_1_253' title='bbox 727 3209 815 3246; x_wconf 86' lang='lat' dir='ltr'><strong>serum</strong></span> <span class='ocrx_word' id='word_1_254' title='bbox 841 3195 892 3245; x_wconf 87' lang='lat' dir='ltr'><strong>iarn</strong></span> <span class='ocrx_word' id='word_1_255' title='bbox 913 3194 967 3246; x_wconf 87' lang='lat' dir='ltr'><strong>dlei</strong></span> <span class='ocrx_word' id='word_1_256' title='bbox 987 3199 1043 3244; x_wconf 85' lang='lat' dir='ltr'><strong>crat</strong></span> <span class='ocrx_word' id='word_1_257' title='bbox 1061 3199 1121 3258; x_wconf 89' lang='lat' dir='ltr'><strong>post</strong></span> <span class='ocrx_word' id='word_1_258' title='bbox 1141 3189 1208 3242; x_wconf 87' lang='lat' dir='ltr'><strong>solis</strong></span> 
     </span>
     <span class='ocr_line' id='line_1_30' title="bbox 110 3263 1207 3334; baseline -0.003 -18"><span class='ocrx_word' id='word_1_259' title='bbox 110 3277 244 3316; x_wconf 83' lang='lat' dir='ltr'><strong>occasum.</strong></span> <span class='ocrx_word' id='word_1_260' title='bbox 290 3280 322 3318; x_wconf 87' lang='lat' dir='ltr'><strong>ac</strong></span> <span class='ocrx_word' id='word_1_261' title='bbox 347 3265 479 3334; x_wconf 79' lang='lat' dir='ltr'><strong>Gregoras</strong></span> <span class='ocrx_word' id='word_1_262' title='bbox 498 3267 603 3334; x_wconf 89' lang='lat' dir='ltr'><strong>quidem</strong></span> <span class='ocrx_word' id='word_1_263' title='bbox 632 3281 690 3317; x_wconf 90' lang='lat' dir='ltr'><strong>carn</strong></span> <span class='ocrx_word' id='word_1_264' title='bbox 710 3265 863 3317; x_wconf 84' lang='lat' dir='ltr'><strong>advenisset</strong></span> <span class='ocrx_word' id='word_1_265' title='bbox 889 3272 915 3317; x_wconf 84' lang='lat' dir='ltr'><strong>et</strong></span> <span class='ocrx_word' id='word_1_266' title='bbox 942 3263 1046 3316; x_wconf 89' lang='lat' dir='ltr'><strong>solitam</strong></span> <span class='ocrx_word' id='word_1_267' title='bbox 1066 3263 1097 3314; x_wconf 88' lang='lat' dir='ltr'><strong>ed</strong></span> <span class='ocrx_word' id='word_1_268' title='bbox 1116 3277 1207 3330; x_wconf 78' lang='lat' dir='ltr'><strong>regern</strong></span> 
     </span>
     <span class='ocr_line' id='line_1_31' title="bbox 110 3335 1208 3406; baseline -0.002 -20"><span class='ocrx_word' id='word_1_269' title='bbox 110 3335 302 3387; x_wconf 71' lang='lat' dir='ltr'><strong>allocutionem</strong></span> <span class='ocrx_word' id='word_1_270' title='bbox 323 3337 513 3404; x_wconf 82' lang='lat' dir='ltr'><strong>expedivisset,</strong></span> <span class='ocrx_word' id='word_1_271' title='bbox 533 3341 616 3406; x_wconf 83' lang='lat' dir='ltr'><strong>(tum)</strong></span> <span class='ocrx_word' id='word_1_272' title='bbox 637 3337 767 3389; x_wconf 87' lang='lat' dir='ltr'><strong>consedit.</strong></span> <span class='ocrx_word' id='word_1_273' title='bbox 801 3337 870 3389; x_wconf 89' lang='lat' dir='ltr'><strong>lorte</strong></span> <span class='ocrx_word' id='word_1_274' title='bbox 890 3344 978 3390; x_wconf 87' lang='lat' dir='ltr'><strong>autern</strong></span> <span class='ocrx_word' id='word_1_275' title='bbox 998 3335 1102 3388; x_wconf 86' lang='lat' dir='ltr'><strong>lortuna</strong></span> <span class='ocrx_word' id='word_1_276' title='bbox 1121 3335 1208 3388; x_wconf 86' lang='lat' dir='ltr'><strong>statim</strong></span> 
     </span>
     <span class='ocr_line' id='line_1_32' title="bbox 107 3405 1208 3476; baseline -0.002 -18"><span class='ocrx_word' id='word_1_277' title='bbox 107 3407 146 3458; x_wconf 88' lang='lat' dir='ltr'><strong>lbi</strong></span> <span class='ocrx_word' id='word_1_278' title='bbox 166 3407 246 3458; x_wconf 87' lang='lat' dir='ltr'><strong>etiarn</strong></span> <span class='ocrx_word' id='word_1_279' title='bbox 266 3406 385 3461; x_wconf 83' lang='lat' dir='ltr'><strong>l&#39;alamns</strong></span> <span class='ocrx_word' id='word_1_280' title='bbox 411 3409 488 3460; x_wconf 88' lang='lat' dir='ltr'><strong>simul</strong></span> <span class='ocrx_word' id='word_1_281' title='bbox 509 3410 627 3474; x_wconf 82' lang='lat' dir='ltr'><strong>introiit,</strong></span> <span class='ocrx_word' id='word_1_282' title='bbox 647 3410 758 3472; x_wconf 88' lang='lat' dir='ltr'><strong>nescio,</strong></span> <span class='ocrx_word' id='word_1_283' title='bbox 777 3415 863 3460; x_wconf 87' lang='lat' dir='ltr'><strong>utrum</strong></span> <span class='ocrx_word' id='word_1_284' title='bbox 882 3416 992 3476; x_wconf 89' lang='lat' dir='ltr'><strong>propter</strong></span> <span class='ocrx_word' id='word_1_285' title='bbox 1017 3407 1085 3459; x_wconf 85' lang='lat' dir='ltr'><strong>diem</strong></span> <span class='ocrx_word' id='word_1_286' title='bbox 1104 3405 1208 3458; x_wconf 83' lang='lat' dir='ltr'><strong>iamdu-</strong></span> 
     </span>
     <span class='ocr_line' id='line_1_33' title="bbox 108 3476 1208 3547; baseline -0.004 -17"><span class='ocrx_word' id='word_1_287' title='bbox 108 3479 171 3531; x_wconf 86' lang='lat' dir='ltr'><strong>dum</strong></span> <span class='ocrx_word' id='word_1_288' title='bbox 191 3479 361 3531; x_wconf 87' lang='lat' dir='ltr'><strong>constitutam</strong></span> <span class='ocrx_word' id='word_1_289' title='bbox 381 3481 549 3532; x_wconf 74' lang='lat' dir='ltr'><strong>insidiaturus</strong></span> <span class='ocrx_word' id='word_1_290' title='bbox 569 3480 605 3530; x_wconf 90' lang='lat' dir='ltr'><strong>ibi</strong></span> <span class='ocrx_word' id='word_1_291' title='bbox 625 3481 741 3543; x_wconf 86' lang='lat' dir='ltr'><strong>adesset,</strong></span> <span class='ocrx_word' id='word_1_292' title='bbox 761 3494 793 3531; x_wconf 90' lang='lat' dir='ltr'><strong>au</strong></span> <span class='ocrx_word' id='word_1_293' title='bbox 814 3495 886 3543; x_wconf 85' lang='lat' dir='ltr'><strong>nasu,</strong></span> <span class='ocrx_word' id='word_1_294' title='bbox 905 3488 935 3530; x_wconf 94' lang='lat' dir='ltr'><strong>ut</strong></span> <span class='ocrx_word' id='word_1_295' title='bbox 952 3479 1099 3547; x_wconf 85' lang='lat' dir='ltr'><strong>pleraeque</strong></span> <span class='ocrx_word' id='word_1_296' title='bbox 1117 3493 1161 3529; x_wconf 90' lang='lat' dir='ltr'><strong>res</strong></span> <span class='ocrx_word' id='word_1_297' title='bbox 1180 3476 1208 3526; x_wconf 90' lang='lat' dir='ltr'><strong>in</strong></span> 
     </span>
     <span class='ocr_line' id='line_1_34' title="bbox 106 3547 1208 3619; baseline -0.005 -18"><span class='ocrx_word' id='word_1_298' title='bbox 106 3558 181 3602; x_wconf 86' lang='lat' dir='ltr'><strong>terra</strong></span> <span class='ocrx_word' id='word_1_299' title='bbox 202 3557 295 3616; x_wconf 80' lang='lat' dir='ltr'><strong>gestae</strong></span> <span class='ocrx_word' id='word_1_300' title='bbox 315 3551 373 3602; x_wconf 88' lang='lat' dir='ltr'><strong>lieri</strong></span> <span class='ocrx_word' id='word_1_301' title='bbox 391 3551 488 3604; x_wconf 89' lang='lat' dir='ltr'><strong>solent.</strong></span> <span class='ocrx_word' id='word_1_302' title='bbox 516 3552 562 3619; x_wconf 88' lang='lat' dir='ltr'><strong>qui</strong></span> <span class='ocrx_word' id='word_1_303' title='bbox 583 3566 641 3602; x_wconf 85' lang='lat' dir='ltr'><strong>cunr</strong></span> <span class='ocrx_word' id='word_1_304' title='bbox 656 3553 743 3617; x_wconf 88' lang='lat' dir='ltr'><strong>prisca</strong></span> <span class='ocrx_word' id='word_1_305' title='bbox 760 3551 941 3616; x_wconf 85' lang='lat' dir='ltr'><strong>imprudenter</strong></span> <span class='ocrx_word' id='word_1_306' title='bbox 960 3559 987 3602; x_wconf 92' lang='lat' dir='ltr'><strong>et</strong></span> <span class='ocrx_word' id='word_1_307' title='bbox 1000 3565 1068 3617; x_wconf 84' lang='lat' dir='ltr'><strong>queo</strong></span> <span class='ocrx_word' id='word_1_308' title='bbox 1088 3547 1208 3600; x_wconf 87' lang='lat' dir='ltr'><strong>oblivio.</strong></span> 
     </span>
     <span class='ocr_line' id='line_1_35' title="bbox 106 3619 1208 3689; baseline 0 -16"><span class='ocrx_word' id='word_1_309' title='bbox 106 3623 150 3673; x_wconf 88' lang='lat' dir='ltr'><strong>nis</strong></span> <span class='ocrx_word' id='word_1_310' title='bbox 170 3620 319 3688; x_wconf 76' lang='lat' dir='ltr'><strong>profundae</strong></span> <span class='ocrx_word' id='word_1_311' title='bbox 350 3621 501 3675; x_wconf 78' lang='lat' dir='ltr'><strong>fluminibus</strong></span> <span class='ocrx_word' id='word_1_312' title='bbox 526 3623 636 3689; x_wconf 84' lang='lat' dir='ltr'><strong>abrepta</strong></span> <span class='ocrx_word' id='word_1_313' title='bbox 658 3629 766 3686; x_wconf 86' lang='lat' dir='ltr'><strong>essent,</strong></span> <span class='ocrx_word' id='word_1_314' title='bbox 791 3619 866 3673; x_wconf 93' lang='lat' dir='ltr'><strong>nullo</strong></span> <span class='ocrx_word' id='word_1_315' title='bbox 895 3623 972 3673; x_wconf 90' lang='lat' dir='ltr'><strong>modo</strong></span> <span class='ocrx_word' id='word_1_316' title='bbox 992 3619 1155 3687; x_wconf 87' lang='lat' dir='ltr'><strong>pertinentia</strong></span> <span class='ocrx_word' id='word_1_317' title='bbox 1175 3621 1208 3673; x_wconf 83' lang='lat' dir='ltr'><strong>ad</strong></span> 
     </span>
     <span class='ocr_line' id='line_1_36' title="bbox 108 3691 1207 3763; baseline -0.002 -19"><span class='ocrx_word' id='word_1_318' title='bbox 108 3709 167 3745; x_wconf 88' lang='lat' dir='ltr'><strong>eam</strong></span> <span class='ocrx_word' id='word_1_319' title='bbox 187 3707 259 3756; x_wconf 85' lang='lat' dir='ltr'><strong>rem,</strong></span> <span class='ocrx_word' id='word_1_320' title='bbox 285 3693 318 3744; x_wconf 89' lang='lat' dir='ltr'><strong>de</strong></span> <span class='ocrx_word' id='word_1_321' title='bbox 344 3709 396 3762; x_wconf 89' lang='lat' dir='ltr'><strong>qua</strong></span> <span class='ocrx_word' id='word_1_322' title='bbox 426 3694 643 3763; x_wconf 67' lang='lat' dir='ltr'><strong>inungebatur,</strong></span> <span class='ocrx_word' id='word_1_323' title='bbox 670 3692 827 3760; x_wconf 87' lang='lat' dir='ltr'><strong>protulisset</strong></span> <span class='ocrx_word' id='word_1_324' title='bbox 855 3699 881 3743; x_wconf 91' lang='lat' dir='ltr'><strong>ct</strong></span> <span class='ocrx_word' id='word_1_325' title='bbox 906 3691 1037 3760; x_wconf 79' lang='lat' dir='ltr'><strong>gloriatus</strong></span> <span class='ocrx_word' id='word_1_326' title='bbox 1061 3698 1141 3755; x_wconf 86' lang='lat' dir='ltr'><strong>esset,</strong></span> <span class='ocrx_word' id='word_1_327' title='bbox 1162 3693 1207 3760; x_wconf 87' lang='lat' dir='ltr'><strong>qui</strong></span> 
     </span>
     <span class='ocr_line' id='line_1_37' title="bbox 109 3761 1208 3832; baseline -0.005 -16"><span class='ocrx_word' id='word_1_328' title='bbox 109 3771 168 3817; x_wconf 85' lang='lat' dir='ltr'><strong>erat</strong></span> <span class='ocrx_word' id='word_1_329' title='bbox 186 3765 245 3816; x_wconf 88' lang='lat' dir='ltr'><strong>elus</strong></span> <span class='ocrx_word' id='word_1_330' title='bbox 263 3777 329 3828; x_wconf 88' lang='lat' dir='ltr'><strong>mos,</strong></span> <span class='ocrx_word' id='word_1_331' title='bbox 350 3771 377 3816; x_wconf 89' lang='lat' dir='ltr'><strong>et</strong></span> <span class='ocrx_word' id='word_1_332' title='bbox 394 3767 426 3818; x_wconf 88' lang='lat' dir='ltr'><strong>ad</strong></span> <span class='ocrx_word' id='word_1_333' title='bbox 445 3766 548 3817; x_wconf 87' lang='lat' dir='ltr'><strong>laudern</strong></span> <span class='ocrx_word' id='word_1_334' title='bbox 577 3781 650 3817; x_wconf 89' lang='lat' dir='ltr'><strong>suam</strong></span> <span class='ocrx_word' id='word_1_335' title='bbox 668 3764 749 3817; x_wconf 87' lang='lat' dir='ltr'><strong>multa</strong></span> <span class='ocrx_word' id='word_1_336' title='bbox 778 3767 811 3817; x_wconf 88' lang='lat' dir='ltr'><strong>de</strong></span> <span class='ocrx_word' id='word_1_337' title='bbox 831 3779 861 3815; x_wconf 90' lang='lat' dir='ltr'><strong>se</strong></span> <span class='ocrx_word' id='word_1_338' title='bbox 886 3763 1033 3832; x_wconf 78' lang='lat' dir='ltr'><strong>gloriosius</strong></span> <span class='ocrx_word' id='word_1_339' title='bbox 1051 3761 1208 3830; x_wconf 84' lang='lat' dir='ltr'><strong>praedices.</strong></span> 
     </span>
     <span class='ocr_line' id='line_1_38' title="bbox 108 3833 1208 3904; baseline -0.005 -15"><span class='ocrx_word' id='word_1_340' title='bbox 108 3845 160 3901; x_wconf 87' lang='lat' dir='ltr'><strong>set,</strong></span> <span class='ocrx_word' id='word_1_341' title='bbox 181 3843 209 3886; x_wconf 89' lang='lat' dir='ltr'><strong>ct</strong></span> <span class='ocrx_word' id='word_1_342' title='bbox 228 3837 461 3888; x_wconf 85' lang='lat' dir='ltr'><strong>commorationem</strong></span> <span class='ocrx_word' id='word_1_343' title='bbox 480 3839 507 3888; x_wconf 93' lang='lat' dir='ltr'><strong>in</strong></span> <span class='ocrx_word' id='word_1_344' title='bbox 532 3844 685 3889; x_wconf 85' lang='lat' dir='ltr'><strong>monastero</strong></span> <span class='ocrx_word' id='word_1_345' title='bbox 711 3837 805 3888; x_wconf 87' lang='lat' dir='ltr'><strong>lactem</strong></span> <span class='ocrx_word' id='word_1_346' title='bbox 830 3843 857 3886; x_wconf 84' lang='lat' dir='ltr'><strong>st</strong></span> <span class='ocrx_word' id='word_1_347' title='bbox 877 3834 1042 3904; x_wconf 89' lang='lat' dir='ltr'><strong>colloquium</strong></span> <span class='ocrx_word' id='word_1_348' title='bbox 1062 3849 1120 3886; x_wconf 88' lang='lat' dir='ltr'><strong>curn</strong></span> <span class='ocrx_word' id='word_1_349' title='bbox 1139 3833 1208 3888; x_wconf 80' lang='lat' dir='ltr'><strong>liar.</strong></span> 
     </span>
     <span class='ocr_line' id='line_1_39' title="bbox 108 3907 1207 3977; baseline -0.005 -17"><span class='ocrx_word' id='word_1_350' title='bbox 108 3907 197 3960; x_wconf 80' lang='lat' dir='ltr'><strong>lanato</strong></span> <span class='ocrx_word' id='word_1_351' title='bbox 218 3907 366 3960; x_wconf 86' lang='lat' dir='ltr'><strong>institutum</strong></span> <span class='ocrx_word' id='word_1_352' title='bbox 389 3915 416 3959; x_wconf 90' lang='lat' dir='ltr'><strong>et</strong></span> <span class='ocrx_word' id='word_1_353' title='bbox 433 3909 496 3960; x_wconf 82' lang='lat' dir='ltr'><strong>talia</strong></span> <span class='ocrx_word' id='word_1_354' title='bbox 518 3909 593 3974; x_wconf 89' lang='lat' dir='ltr'><strong>lere,</strong></span> <span class='ocrx_word' id='word_1_355' title='bbox 620 3916 758 3976; x_wconf 87' lang='lat' dir='ltr'><strong>postquam</strong></span> <span class='ocrx_word' id='word_1_356' title='bbox 777 3923 855 3959; x_wconf 86' lang='lat' dir='ltr'><strong>aures</strong></span> <span class='ocrx_word' id='word_1_357' title='bbox 876 3921 986 3971; x_wconf 86' lang='lat' dir='ltr'><strong>eorum,</strong></span> <span class='ocrx_word' id='word_1_358' title='bbox 1016 3907 1061 3977; x_wconf 88' lang='lat' dir='ltr'><strong>qul</strong></span> <span class='ocrx_word' id='word_1_359' title='bbox 1082 3913 1135 3958; x_wconf 84' lang='lat' dir='ltr'><strong>turn</strong></span> <span class='ocrx_word' id='word_1_360' title='bbox 1158 3907 1207 3959; x_wconf 86' lang='lat' dir='ltr'><strong>ad.</strong></span> 
     </span>
     <span class='ocr_line' id='line_1_40' title="bbox 110 3977 1208 4048; baseline -0.005 -16"><span class='ocrx_word' id='word_1_361' title='bbox 110 3985 195 4044; x_wconf 83' lang='lat' dir='ltr'><strong>eraut,</strong></span> <span class='ocrx_word' id='word_1_362' title='bbox 218 3977 341 4044; x_wconf 77' lang='lat' dir='ltr'><strong>implevit</strong></span> <span class='ocrx_word' id='word_1_363' title='bbox 360 3987 386 4031; x_wconf 87' lang='lat' dir='ltr'><strong>et</strong></span> <span class='ocrx_word' id='word_1_364' title='bbox 405 3987 527 4048; x_wconf 80' lang='lat' dir='ltr'><strong>tanquam</strong></span> <span class='ocrx_word' id='word_1_365' title='bbox 541 3981 687 4032; x_wconf 85' lang='lat' dir='ltr'><strong>iamdudum</strong></span> <span class='ocrx_word' id='word_1_366' title='bbox 701 3981 879 4048; x_wconf 82' lang='lat' dir='ltr'><strong>excogitatum</strong></span> <span class='ocrx_word' id='word_1_367' title='bbox 899 3987 925 4030; x_wconf 88' lang='lat' dir='ltr'><strong>et</strong></span> <span class='ocrx_word' id='word_1_368' title='bbox 939 3979 1095 4031; x_wconf 85' lang='lat' dir='ltr'><strong>insidiosum</strong></span> <span class='ocrx_word' id='word_1_369' title='bbox 1114 3985 1208 4030; x_wconf 85' lang='lat' dir='ltr'><strong>osten.</strong></span> 
     </span>
     <span class='ocr_line' id='line_1_41' title="bbox 110 4048 1209 4122; baseline -0.006 -20"><span class='ocrx_word' id='word_1_370' title='bbox 110 4051 149 4102; x_wconf 89' lang='lat' dir='ltr'><strong>dit</strong></span> <span class='ocrx_word' id='word_1_371' title='bbox 166 4048 309 4102; x_wconf 84' lang='lat' dir='ltr'><strong>eonsilium</strong></span> <span class='ocrx_word' id='word_1_372' title='bbox 328 4052 457 4104; x_wconf 84' lang='lat' dir='ltr'><strong>adrentus</strong></span> <span class='ocrx_word' id='word_1_373' title='bbox 478 4055 519 4104; x_wconf 90' lang='lat' dir='ltr'><strong>sui</strong></span> <span class='ocrx_word' id='word_1_374' title='bbox 536 4053 655 4122; x_wconf 82' lang='lat' dir='ltr'><strong>gloriosa</strong></span> <span class='ocrx_word' id='word_1_375' title='bbox 674 4053 785 4120; x_wconf 85' lang='lat' dir='ltr'><strong>quadam</strong></span> <span class='ocrx_word' id='word_1_376' title='bbox 803 4051 966 4103; x_wconf 77' lang='lat' dir='ltr'><strong>iactationee</strong></span> <span class='ocrx_word' id='word_1_377' title='bbox 986 4049 1124 4102; x_wconf 86' lang='lat' dir='ltr'><strong>conticuit.</strong></span> <span class='ocrx_word' id='word_1_378' title='bbox 1166 4057 1209 4099; x_wconf 88' lang='lat' dir='ltr'><strong>at.</strong></span> 
     </span>
     <span class='ocr_line' id='line_1_42' title="bbox 113 4125 1209 4192; baseline -0.001 -20"><span class='ocrx_word' id='word_1_379' title='bbox 113 4137 166 4190; x_wconf 87' lang='lat' dir='ltr'><strong>que</strong></span> <span class='ocrx_word' id='word_1_380' title='bbox 186 4127 217 4173; x_wconf 90' lang='lat' dir='ltr'><strong>ut</strong></span> <span class='ocrx_word' id='word_1_381' title='bbox 236 4137 304 4189; x_wconf 84' lang='lat' dir='ltr'><strong>quoe</strong></span> <span class='ocrx_word' id='word_1_382' title='bbox 324 4125 481 4192; x_wconf 85' lang='lat' dir='ltr'><strong>interposita</strong></span> <span class='ocrx_word' id='word_1_383' title='bbox 507 4133 569 4178; x_wconf 85' lang='lat' dir='ltr'><strong>sunt</strong></span> <span class='ocrx_word' id='word_1_384' title='bbox 597 4126 712 4176; x_wconf 90' lang='lat' dir='ltr'><strong>omittam</strong></span> <span class='ocrx_word' id='word_1_385' title='bbox 740 4133 767 4175; x_wconf 87' lang='lat' dir='ltr'><strong>et</strong></span> <span class='ocrx_word' id='word_1_386' title='bbox 786 4137 961 4192; x_wconf 79' lang='lat' dir='ltr'><strong>quaecunque</strong></span> <span class='ocrx_word' id='word_1_387' title='bbox 985 4131 1062 4174; x_wconf 83' lang='lat' dir='ltr'><strong>antea</strong></span> <span class='ocrx_word' id='word_1_388' title='bbox 1080 4133 1209 4171; x_wconf 86' lang='lat' dir='ltr'><strong>necessa-</strong></span> 
     </span>
     <span class='ocr_line' id='line_1_43' title="bbox 113 4192 1209 4264; baseline -0.005 -19"><span class='ocrx_word' id='word_1_389' title='bbox 113 4195 162 4248; x_wconf 86' lang='lat' dir='ltr'><strong>rlls</strong></span> <span class='ocrx_word' id='word_1_390' title='bbox 182 4192 299 4260; x_wconf 66' lang='grc' dir='ltr'>ολτλτελ,</span> <span class='ocrx_word' id='word_1_391' title='bbox 319 4198 352 4249; x_wconf 89' lang='lat' dir='ltr'><strong>ed</strong></span> <span class='ocrx_word' id='word_1_392' title='bbox 370 4195 438 4248; x_wconf 84' lang='lat' dir='ltr'><strong>haec</strong></span> <span class='ocrx_word' id='word_1_393' title='bbox 459 4198 640 4264; x_wconf 77' lang='lat' dir='ltr'><strong>inexspectata</strong></span> <span class='ocrx_word' id='word_1_394' title='bbox 670 4204 696 4246; x_wconf 89' lang='lat' dir='ltr'><strong>ct</strong></span> <span class='ocrx_word' id='word_1_395' title='bbox 714 4193 906 4263; x_wconf 74' lang='lat' dir='ltr'><strong>extemporalia</strong></span> <span class='ocrx_word' id='word_1_396' title='bbox 930 4193 1109 4262; x_wconf 81' lang='lat' dir='ltr'><strong>prooemiatur</strong></span> <span class='ocrx_word' id='word_1_397' title='bbox 1128 4203 1209 4258; x_wconf 83' lang='lat' dir='ltr'><strong>prae.</strong></span> 
     </span>
    </p>
   </div>
   <div class='ocr_carea' id='block_1_4' title="bbox 0 0 1450 4784">
    <p class='ocr_par' dir='ltr' id='par_1_8' title="bbox 0 0 1450 4784">
     <span class='ocr_line' id='line_1_44' title="bbox 0 0 1450 4784; baseline 0 0"><span class='ocrx_word' id='word_1_398' title='bbox 0 0 1450 4784; x_wconf 95' lang='lat' dir='ltr'><strong> </strong></span> 
     </span>
    </p>
   </div>
  </div>
 </body>
</html>
