2862 4784
368 1278 844 1370 PRAth-Ithrlo.
977 1285 984 1290 ’

506 1493 705 1507 ι*

155 1654 267 1764 Quae
299 1696 393 1748 nuuc
417 1671 568 1773 'primum
608 1697 656 1750 ex
684 1673 973 1751 bibliothecarum
1007 1675 1154 1753 'latebris

54 1836 185 1936 prodit,
212 1835 331 1932 operis
345 1831 560 1932 Nicepburei
577 1856 658 1930 pere
682 1844 856 1931 postrema
880 1837 966 1910 setis
992 1834 1052 1910 diu
1076 1857 1156 1908 me-

54 2019 139 2072 num
163 1996 339 2093 quaesivit
362 1993 564 2087 liberalem,
586 2015 653 2090 que
681 1993 723 2066 eb
747 1993 928 2096 oblivione
948 1992 1157 2068 vindicare-

54 2167 126 2231 tur.
175 2154 385 2250 promiserat
410 2173 486 2224 eum
510 2171 647 2224 menum
672 2151 857 2244 helvinus,
883 2153 1045 2248 porrexit
1068 2174 1156 2224 uue-

55 2317 170 2391 demie
195 2311 464 2404 berolinensis,
490 2313 588 2386 cuius
613 2333 698 2384 curu
723 2275 928 2408 sumptuque
952 2309 1078 2384 laetum
1104 2321 1159 2388 eet
1229 2398 1230 2404 ἵ

54 2485 96 2550 ut
127 2471 209 2547 libri
234 2470 318 2564 duc,
339 2471 500 2573 vicesimi
532 2469 672 2565 quintus
705 2481 741 2543 et
771 2477 893 2543 sextus
927 2489 1004 2542 cum
1022 2477 1159 2580 ¹quarto
1241 2553 1244 2572 Ι

54 2627 258 2722 dimidiato,
281 2648 329 2701 ex
354 2625 477 2702 codiee
502 2623 674 2700 Vaticano
703 2625 841 2717 (1095)
866 2625 1162 2736 describerentur,

55 2788 190 2884 reliqui
216 2807 264 2858 ex
288 2783 549 2860 Purisieusihus
574 2783 699 2878 Regiis
735 2783 854 2872 (1276
879 2771 915 2857 et
940 2755 1079 2878 3075),
1104 2783 1160 2857 illi

54 2945 102 3019 ab
130 2943 284 3020 ilenrico
310 2942 478 3036 Bruuuo,
505 2941 541 3016 hi
567 2964 587 3014 a
612 2939 823 3016 Wludimiro
848 2941 1022 3034 Brunetu,
1047 2941 1159 3016 luctis

55 3099 258 3180 hominihus
277 3124 320 3177 uc
343 3103 523 3197 negotium
549 3121 646 3176 suum
678 3099 828 3176 fideliter
854 3099 1041 3174 exsecutis.
1094 3121 1161 3172 co-

55 3265 133 3337 dex
147 3259 337 3336 Vaticanus
355 3259 560 3337 chartaceus
586 3281 665 3336 esse
679 3257 893 3358 perbihetur,
918 3257 1040 3332 seculo
1066 3258 1163 3333 scri-

55 3429 141 3519 ptus
177 3417 312 3494 decimo
356 3427 479 3532 quartu
522 3418 583 3494 vel
621 3421 761 3515 quinte,
795 3416 954 3492 menibus
992 3413 1162 3514 pluribus,

52 3575 166 3651 modo
206 3575 393 3671 diligenter
422 3574 526 3650 modo
565 3597 678 3652 secus.
738 3575 783 3649 de
816 3573 1008 3649 Perisiensi
1042 3573 1162 3670 priore

24 3739 28 3756 '
56 3737 188 3813 scitum
213 3734 382 3831 estquod
407 3733 513 3810 trudit
537 3733 724 3811 Brunetus.

204 3867 263 3936 hes
292 3869 386 3935 livree
414 3869 601 3953 historiques
632 3871 673 3935 28
695 3879 727 3934 et
757 3869 797 3936 te
818 3877 850 3934 et
880 3871 928 3934 les
949 3869 1161 3956 dogmatiquee

165 3973 195 4054 1,
215 3969 317 4036 beth
337 3979 407 4036 sont
425 3971 515 4036 d’une
537 3972 669 4037 boribure
689 3971 806 4055 rapide,
829 3979 982 4050 correcte,
1004 3975 1081 4038 meis
1101 3991 1162 4056 peu
1235 4028 1240 4040 .

162 4071 319 4157 regulibre
342 4079 373 4135 et
394 4081 524 4138 servent
545 4072 669 4137 dillleilc
688 4073 706 4134 h
726 4071 795 4137 lire.
840 4072 883 4136 Ge
903 4075 985 4136 n’est
1006 4074 1161 4138 certrine-

163 4179 249 4242 ment
275 4189 331 4259 pus
361 4173 519 4242 l'c'critrre
548 4171 620 4242 d'uu
640 4171 829 4264 celligrupbc
859 4171 900 4242 de
917 4169 1108 4262 protector,
1130 4179 1163 4240 et
