2872 4784
163 303 387 374 ntsmnrtn
409 303 670 374 emtarum
688 308 796 374 xxix.
820 290 868 374 51
882 289 1008 376 -5t.
1084 301 1179 392 σοι,

64 461 158 556 νάμην
189 471 303 554 καίπερ
334 467 427 546 alicio
458 470 611 551 άιιριβιάς.
656 461 748 552 ὅρκον
761 491 793 534 τε
815 469 955 554 ἐπέθηκα
976 471 1013 558 τῇ
1034 469 1160 554 άπαγσ-

63 565 185 654 ρεάσει,
221 570 277 634 κατ’
309 571 535 654 ἀφωρισμένος
568 567 721 654 ἐδεξάμην
740 562 820 634 εἶναι
848 569 911 635 ἀπὸ
936 573 1083 654 Χριστοῦ
1104 567 1159 635 διά

63 671 258 754 τὴνὲιιεένοο
289 673 400 756 φιλίαν
421 669 443 756 ζὸ
480 668 682 753 τρισάθλιος,
712 669 791 754 μήτε
817 667 1018 756 ινισλαστήρια
1053 672 1162 746 δείσας

64 773 160 848 θεοῦ,
204 773 275 856 μήτ’
314 769 441 853 άνάροάν
475 771 697 854 πρενματιιιάν
733 775 937 854 παραινέσεις
970 763 1161 846 altuvich?

43 871 239 953 δάρξάμενος
264 864 321 936 σάν
342 875 488 958 διεξῆλθε
510 873 567 948 τάς
593 871 676 953 ipo&
705 875 748 963 τῷ
770 871 874 962 θιάσῳ
896 879 958 940 τῶν
982 879 1227 950 Macalla-n

64 974 120 1034 νάν
141 977 373 1056 πεπραγμέναο
383 973 538 1056 βεβήλους
569 979 676 1063 εἰεένιρ
697 975 752 1038 κατ’
770 971 921 1058 μυσαράς
942 977 1102 1059 έργασιάς,
1124 973 1163 1052 άς

65 1067 148 1153 άραν
170 1071 261 1157 ἔχειν
281 1071 392 1158 ἧιιιστά
414 1099 467 1155 μοι
485 1078 577 1140 δοκεῖ
593 1079 667 1140 καθ’
690 1073 808 1142 ἕκαστα
831 1080 932 1156 λέγειν
954 1077 1072 1160 α’ρτέως
1095 1075 1162 1159 ἐμὲ,

64 1179 117 1258 τῆς
137 1179 200 1240 τοῖν
224 1169 329 1240 άλλων
351 1173 567 1260 άνθελκοάοης
588 1200 628 1256 με
661 1173 840 1259 βιαιότερον
864 1173 1012 1262 ἱστορίας.
1058 1174 1161 1258 ἔξεστι
1201 1198 1205 1204 ’

64 1276 123 1358 γάρ
149 1276 253 1340 πάντα
278 1281 352 1340 καθ’
380 1279 512 1341 ἕκαστον
533 1279 767 1359 α’νοιλέξασθαι,
798 1279 854 1342 ιιαέ
874 1278 949 1342 νοῦν
971 1281 1025 1342 καί
1046 1276 1163 1344 σιιοπὸν

32 1379 116 1442 tonui
131 1380 247 1459 πρᾶξιν
268 1380 323 1441 κατ’
344 1375 434 1460 λόγον
455 1382 511 1442 κατ’
533 1380 642 1456 νακιάς
667 1375 802 1461 δύναμιν
823 1382 879 1444 κατ’
893 1382 972 1443 θεοῦ
993 1386 1162 1463 μανροθο-
1278 1373 1296 1421 ’ἶ

15 1467 16 1472 ¹
63 1479 205 1558 μιάνναέ
219 1471 296 1544 εἴτι
316 1481 470 1560 τοιοῦτον,
493 1476 584 1556 εἴτις
605 1481 727 1546 ε’πιέναι
742 1479 888 1562 βούλοιτο
903 1477 956 1544 τὸν
975 1503 1008 1544 τε
1029 1478 1163 1564 γενόμε-

66 1600 113 1642 νον
134 1579 291 1664 πρότερον
312 1581 366 1646 έπί
385 1583 423 1669 τῇ
443 1583 504 1645 τάν
524 1583 602 1646 νέων
619 1584 840 1645 Μασαλιανιόν
867 1584 993 1646 ἐκείνων
1014 1584 1070 1645 καί
1097 1587 1202 1688 Bou

66 1778 116 1843 καὶ
136 1781 197 1845 τεάν
228 1787 289 1863 μέν
314 1788 531 1848 κολασθέντων
562 1784 675 1856 τάνδ’
707 1785 909 1861 ἐξωσθέντων
941 1785 1081 1864 ἐκεῖθεν,
1106 1789 1160 1849 νιαέ

33 1872 128 1960 litiga
148 1879 205 1946 τάν
230 1884 376 1968 δεύτερον
405 1883 583 1970 retrusam}
607 1881 661 1950 τάν
683 1881 737 1950 inl
756 1885 798 1972 τῷ
830 1883 952 1974 έλεγμρῖ
973 1887 1034 1948 τοῦ
1055 1889 1158 1968 Σκορ-

66 1983 134 2048 πιόν
152 1985 345 2068 παραδόξως
368 1983 589 2068 έπισνμβάντα
621 1982 969 2069 θαυματουργὴσαντσς
1001 1989 1057 2050 τοῦ
1079 1987 1160 2052 θεοῦ

66 2084 139 2166 πρὸς
161 2083 220 2170 την
242 2089 299 2151 τοῦ
320 2083 448 2171 apciton
469 2091 655 2170 βεβαίωσιν.
699 2089 890 2152 eatetenus
904 2085 963 2170 γάρ
983 2085 1160 2176 άμφάτεροι

68 2189 97 2250 έν
115 2189 158 2274 sp]
178 2191 263 2252 τέλει
277 2189 331 2271 τῆς
355 2188 520 2273 παρούσης
541 2187 698 2274 ἡμετέρας
716 2191 838 2270 βίβλον,
861 2184 882 2272 ἢ
904 2189 963 2272 την
981 2187 1162 2273 Ῥωμαϊκὴν

70 2287 209 2367 διέξεισιν
232 2283 392 2374 ἱστορίαν·
443 2291 485 2352 ov'
504 2285 565 2372 γάρ
588 2287 754 2373 ε’κρέναμεν
783 2289 855 2354 δέον
878 2291 923 2367 εἰς
945 2285 1056 2376 ἑτέραν
1078 2293 1163 2354 isel-

37 2395 135 2464 λθνσνς
155 2395 369 2474 μεταποιῆσαι
394 2391 532 2476 φράσιν,
555 2390 624 2454 ἀλλ’
648 2385 727 2455 εἶναι
751 2387 832 2454 νιατά
854 2389 910 2467 τάς
929 2392 1026 2469 λέξεις
1048 2392 1103 2455 καί
1123 2387 1163 2455 τά

69 2513 104 2571 γε
124 2496 208 2556 ιιιὸλα
240 2495 297 2556 καί
316 2491 463 2574 κάμματα
486 2493 540 2556 κατ’
566 2488 606 2558 τά
639 2485 704 2577 ἤθη
724 2493 785 2556 τῶν
813 2495 941 2556 ἑννοιοάν
964 2488 1164 2576 α’μετσποιὴ-

71 2613 156 2672 τους,
189 2591 233 2670 ὥς
258 2588 352 2675 ἔσχον
374 2595 496 2656 έκεῖθεν
516 2589 723 2676 ἐληλυθότες,
749 2593 807 2657 τοῦ
829 2591 1025 2676 α’άιαβλήτοο
1053 2589 1161 2676 χάριν.

72 2689 146 2775 πλὴν
166 2689 201 2756 ἓν
222 2691 322 2774 μόνον
346 2696 537 2776 σημειωτέον
559 2695 666 2773 souti,
698 2690 741 2768 ὥς
763 2689 825 2756 riui
852 2689 1009 2778 μάρτυσιν
1032 2688 1228 2768 melanem

74 2998 248 3054 iusiurandum
266 3000 354 3053 addidi
372 2999 534 3068 professioni
555 3005 582 3053 et
599 3007 737 3068 separatus
756 2999 838 3052 malui
858 3013 919 3052 esse
937 3015 952 3052 a
971 2999 1077 3054 Christo
1097 3016 1164 3069 pro.

75 3077 128 3135 pter
147 3071 221 3125 illius
242 3073 384 3124 amicitiam
411 3072 574 3124 miserrimus
602 3087 653 3139 ego
680 3087 769 3141 neque
797 3087 912 3140 poenam
931 3073 1027 3124 timens
1048 3073 1164 3124 divinum

76 3155 156 3210 neque
183 3145 303 3197 virorum
335 3143 501 3196 cordatorum
535 3143 735 3211 adhortationes
763 3159 869 3196 verens.
919 3144 1052 3210 incipiens
1083 3145 1165 3212 igitur

78 3217 205 3267 enarravit
223 3215 441 3270 massalianorum
467 3215 546 3267 simul
573 3216 601 3266 in
622 3215 672 3267 illo
692 3223 771 3268 coetu
799 3222 901 3283 patratu
918 3216 1021 3282 impura
1042 3223 1068 3266 et
1087 3216 1164 3267 dete.

79 3285 161 3336 stantia
179 3287 319 3350 facinora,
345 3287 465 3355 adquae
491 3287 597 3356 integre
623 3287 753 3339 narranda
771 3301 825 3338 non
853 3289 917 3339 satis
936 3287 1000 3338 mihi
1021 3293 1165 3354 suppetere

79 3358 197 3421 temporis
217 3358 339 3423 videtur,
366 3359 445 3410 aliam
466 3359 492 3408 in
512 3367 614 3426 partem
640 3373 683 3410 me
701 3357 836 3412 violenter
860 3358 983 3411 trahente
1001 3357 1164 3428 reliquarum

79 3441 158 3478 rerum
178 3431 298 3482 historia.
336 3430 403 3482 licet
422 3432 491 3481 enim
513 3431 601 3480 omnia
619 3429 776 3499 singillatim
796 3430 929 3499 colligere
957 3438 984 3482 et
1001 3438 1116 3481 mentem
1138 3437 1165 3480 et

81 3499 211 3552 consilinm
232 3503 407 3554 electionem
425 3509 452 3553 et
469 3503 616 3552 orationem
637 3508 664 3552 et
681 3501 742 3552 mali
759 3501 813 3553 rim
834 3509 861 3552 et
875 3503 918 3554 dei
936 3501 1164 3569 longanimitatem

81 3576 104 3618 et
120 3571 141 3621 ιλ
160 3573 221 3640 quid
241 3571 315 3639 tale,
334 3575 357 3624 ελ
376 3575 435 3641 quis
454 3574 528 3625 adite
546 3569 615 3622 velit
633 3587 712 3636 eum,
732 3573 777 3640 qui
799 3573 872 3639 prius
898 3573 1020 3624 interluit
1038 3572 1165 3622 iuvenum

80 3639 289 3696 llaasalienornm
309 3643 416 3696 illorum
436 3652 463 3694 et
475 3642 674 3711 Bogcmilorum
696 3642 904 3710 deprehensioni
924 3643 1065 3694 manifesto
1085 3655 1164 3692 coar.

81 3719 194 3776 gotorum
213 3717 240 3767 in
261 3717 353 3768 divino
374 3722 474 3780 monte,
493 3729 604 3784 qnorum
617 3713 665 3766 alii
678 3716 800 3782 castigati
820 3722 890 3778 sunt,
909 3714 956 3765 alii
978 3714 1038 3765 inde
1060 3709 1165 3778 expulsi

82 3791 106 3834 et
122 3785 195 3838 simul
216 3788 360 3840 secundnm
382 3787 452 3838 hunc
477 3788 545 3839 vidit
566 3787 593 3837 in
619 3787 793 3853 coargutione
812 3786 934 3854 Scorpii,
953 3792 1059 3853 praeter
1078 3799 1165 3835 rerum

83 3859 290 3911 consuetudinem
310 3857 437 3910 miracula
462 3865 583 3926 patrante
610 3859 661 3910 (leo
680 3857 712 3910 ad
736 3859 813 3925 primi
834 3857 907 3908 illius
931 3857 1046 3908 hominis
1065 3857 1165 3909 conlir.

82 3927 222 3980 matiouem.
267 3930 416 3997 expositum
443 3939 484 3982 est
509 3930 577 3981 enim
602 3929 635 3981 sle
655 3937 768 3997 utroque
792 3931 819 3980 in
839 3929 891 3981 line
917 3929 1067 3996 praesentis
1086 3928 1165 3979 huius

82 3991 147 4060 libri,
165 3999 307 4052 llomsnam
323 3997 460 4052 historiam
479 3987 636 4052 enarrantis.
655 4000 792 4052 nonenim
811 4000 987 4052 iudicavimus
1004 4013 1071 4066 opus
1095 4013 1166 4064 esse,

85 4065 109 4116 iu
125 4067 198 4122 aliam
218 4072 280 4124 illos
298 4071 443 4124 transferre
462 4072 658 4125 narrationem:
686 4072 732 4124 sed
753 4086 801 4139 pau
821 4078 887 4136 erat,
907 4087 967 4124 esse
985 4073 1012 4122 in
1032 4071 1165 4122 orationi-

89 4135 132 4189 hus
151 4141 225 4194 etiam
243 4143 310 4196 haec
324 4143 441 4196 membra
460 4152 487 4194 et
505 4145 603 4210 inciss;
625 4151 651 4196 et
667 4151 787 4196 naturam
805 4144 996 4196 sententiarum
1014 4140 1166 4194 immutabi-

14 4287 22 4318 Ἴ·
86 4203 142 4276 ltu,
161 4222 189 4266 ut
207 4229 236 4268 sa
254 4215 402 4281 hahehaut,
420 4215 483 4271 iude
501 4218 604 4285 egressi
629 4215 834 4285 descripsimus,
852 4230 888 4270 ue
906 4218 1166 4284 irrumperentur,
