2872 4790
191 273 412 345 urerentur
440 223 1056 344 emmeramum-db.
1115 265 1191 344 νιν
1224 285 1231 292 ·

90 447 163 522 χώ
183 441 240 506 καί
260 441 340 504 πάσι
359 435 487 520 τρόποις
519 431 577 517 τὴν
602 437 669 500 rori.
690 437 841 514 ποιμνίου
867 436 971 518 (prais
993 434 1151 516 ον’ζαιίτιν,
1173 429 1192 501 ό

92 543 122 606 δ’
153 543 199 616 εἰς
228 537 472 618 κακοδαιμονίας
513 535 751 621 ἀνυπερβλήτου
786 530 999 615 μετεσκτόαοε
1031 535 1192 623 πρόφατον

91 638 152 726 την
172 637 383 724 ποιμαντικην
405 641 609 719 δεσποτείαν,
631 641 687 703 κατ’
716 636 786 703 οὐδ’
804 639 940 704 αἰδεῖται
964 637 1023 714 τάς
1042 644 1096 724 τῆς
1119 640 1193 706 ἀδί-

91 769 149 808 κον
171 745 282 827 ψυχῆς
297 743 437 806 ἀκλαλοόν
453 741 653 825 ἀπορρήτους
667 742 797 818 εόόίνας,
813 740 893 805 ἀλλά
916 741 971 804 καί
985 741 1075 826 δόξης
1092 741 1193 824 άπερ·

63 841 191 929 epotis
214 839 334 909 ἑαυτοῦ
356 839 414 918 τάς
432 840 599 922 Ῥωμαίων
620 839 792 927 ἡγούμενος
813 838 986 926 συμφοράς
1009 840 1192 926 δημοοιτόει
1221 869 1228 889 ν

92 943 148 1010 καί
166 947 371 1028 ἐγκαυχάται.
415 937 500 1022 ὅμως
521 939 667 1025 καθάπερ
689 942 785 1008 οόδόν
813 939 921 1007 καινόν
943 944 1012 1008 ου’δ“
1036 945 1259 1008 densitatem!

91 1046 278 1132 ἀνδροφόνῳ
300 1047 437 1126 μυριόυς
452 1041 577 1124 ἀνόμως
598 1044 789 1127 ἀνθρώπους
811 1039 1017 1129 πεφονευκότι
1038 1047 1095 1120 καί
1114 1065 1194 1127 πορ-

92 1149 179 1220 νείας
199 1143 329 1231 ἀλιόναι,
353 1138 455 1221 οότοις
478 1146 570 1210 οόδέν
592 1144 668 1210 ου’δέ
690 1143 792 1234 τοότῳ
812 1145 938 1225 καινόν,
966 1147 1116 1223 καθάπαξ
1138 1149 1194 1210 τοῦ

91 1244 297 1330 πεποιηκότος
320 1241 518 1330 ἀπερρωγότι
540 1248 618 1311 θεοῦ
640 1243 772 1330 κοίτην
802 1245 937 1332 πάτριον
971 1245 1321 1337 ε’ξομοσαμίνηῐάιλτ.

47 1349 85 1406 10
94 1341 262 1428 εόσέβειαν
282 1349 337 1410 καί
356 1353 420 1422 τοῖς
443 1350 544 1422 θείοις
566 1349 845 1434 ἀμπεπαρῳιηκότι
880 1344 991 1421 κανόσι
1012 1348 1069 1410 καί
1089 1343 1195 1426 νόμοις

70 1449 152 1512 ·και’
172 1449 268 1514 πόσιν
288 1445 385 1532 ἱεροῖς
406 1449 509 1522 ἀδεῶς
530 1449 730 1532 ἐνυβρίσαντι
750 1451 960 1532 μυστηριόις,
984 1451 1039 1512 καί
1060 1449 1093 1512 ἀν
1114 1448 1196 1532 ἀληο

92 1549 210 1634 τηρίανν
244 1551 341 1638 μοίρην
369 1554 428 1632 γῆς
466 1548 520 1615 καί
552 1549 715 1634 θαλάττης
745 1548 919 1638 ἁπανταχῇ
945 1547 1019 1626 τσός
1052 1550 1196 1637 εόοεβτίρ

93 1651 394 1734 συντεθραμμένους
416 1651 655 1734 διασπείραντι,
689 1648 745 1714 καί
762 1650 924 1725 παντοίοις
952 1647 1027 1726 τοός
1050 1653 1196 1732 λειπομέ-

96 1774 168 1827 νους
187 1755 416 1836 δεσμωτηρίοις
444 1751 672 1838 ἐμβεβληκότι,
696 1756 751 1818 καί
769 1757 833 1828 τοῖς
858 1751 1013 1827 τοιούτοις
1033 1753 1195 1834 ἐγκαλλω-

49 1857 247 1934 15πιζεσθαι
268 1855 454 1937 ἀδικήμασι,
477 1857 567 1939 δίκην
589 1857 700 1940 σειράς
722 1857 908 1938 ἐξημμένοις
929 1855 1060 1938 έκείθεν,
1080 1856 1136 1916 καί
1154 1853 1197 1944 τᾷ

93 1959 149 2041 τῆς
172 1951 355 2039 ὁμοιότητος
379 1955 519 2045 ῥιπισμῷ
547 1954 628 2041 πρός
649 1953 709 2039 τη“ν
738 1957 792 2038 τῆς
822 1954 947 2039 πραότης
975 1953 1087 2030 κακίας
1105 1953 1196 2040 ῥίζαν

93 2054 320 2138 ἀναπέμπασαι
339 2053 376 2122 τό
396 2061 568 2141 συγγενίς,
591 2055 631 2122 aa>
659 2060 761 2140 δόμοι
783 2059 853 2140 λέγε
873 2054 953 2139 πρός
974 2059 1077 2121 ταῦτα
1098 2053 1199 2140 τόχην

95 2159 200 2224 αἰτίαν
221 2158 277 2224 καί
296 2165 502 2244 πεπρωμένην
524 2154 644 2247 ἀνάγκη
665 2159 701 2224 τά
724 2155 871 2243 ἀράμενοι
895 2159 1032 2242 δρόσον.
1056 2161 1122 2232 πιός
1144 2157 1263 2224 suist

93 2261 205 2338 πάθεν,
227 2252 397 2344 άνθραιπτς
432 2253 544 2342 ὅμοιον
563 2258 624 2344 γάρ
647 2255 687 2323 ἀν
719 2258 767 2346 εἴη
788 2255 892 2343 ὥσπερ
916 2252 957 2324 όν
977 2259 1074 2333 εἴτις
1095 2261 1195 2338 μέσου
1253 2313 1255 2318 ,

47 2361 252 2444 λθχειμιόνος
271 2357 389 2442 γυμνός
412 2359 445 2426 όν
467 2361 639 2443 ὑπαίθροις
662 2363 855 2446 περινοστῶν
884 2359 988 2425 αι’τίια
1009 2363 1065 2424 rori
1087 2359 1196 2447 ῥίγους

91 2465 204 2542 ἐτίθει,
229 2453 345 2547 ἥκιστα
368 2463 427 2544 μέν
459 2461 516 2546 τὴν
535 2459 654 2528 ἑαυτοῦ
685 2461 812 2548 μνάμην
844 2461 898 2526 καί
918 2464 1068 2546 θέλησιν,
1088 2459 1146 2545 τὴν
1167 2462 1197 2523 δ’
1306 2510 1323 2526 ..

92 2563 235 2646 ἀνάγκην
257 2567 313 2646 τῆς
334 2567 549 2650 πεπραμένης.
592 2556 613 2648 ἦ
635 2561 697 2647 γάρ
719 2564 779 2646 οὐχ
801 2559 820 2649 ἢ
840 2557 974 2628 ἑκάστου
998 2558 1197 2627 παντάπασιν

94 2662 327 2741 αάτοόέαποτος
348 2669 478 2750 θέλησις
494 2661 616 2754 ἑκάστῳ
631 2671 753 2749 γίνεται
766 2662 895 2730 maed
919 2663 974 2732 καί
995 2665 1198 2747 πεπρωμένη,

92 2764 264 2848 σόστοιχον
283 2765 322 2855 τῇ
342 2765 417 2855 ῥίζῃ
441 2765 569 2854 φόσυοο
588 2764 623 2833 τό
644 2771 796 2852 γεώργιον
803 2793 815 2849 ς
837 2762 947 2832 ἔπειτά
969 2787 1009 2848 με
1029 2769 1092 2830 τεόν
1112 2757 1196 2830 abac

98 3055 216 3110 salutum
235 3056 327 3126 μιαρόν
346 3073 486 3127 quaerere.
524 3058 574 3112 ille
592 3073 659 3113 vero
678 3059 813 3128 pastorale
840 3058 981 3127 imperium
999 3058 1032 3110 ad
1050 3059 1197 3126 perniciem

93 3131 251 3180 immensam
268 3127 376 3182 adhibet
393 3146 445 3182 nec
466 3139 576 3184 veretur
593 3133 737 3200 uaimpiae
748 3132 852 3183 animae
869 3131 998 3182 uelandus
1019 3129 1107 3183 foetus
1127 3130 1196 3182 edat.

94 3201 142 3252 sed
160 3199 338 3252 Romanorum
361 3202 474 3254 fortunis
494 3203 614 3256 infinitae
636 3203 762 3256 felicitati
789 3219 854 3256 suae
878 3202 1044 3254 vindicandis
1067 3201 1198 3270 gloriatur

93 3279 176 3340 atque
195 3270 320 3323 enultat.
359 3289 515 3342 quamquam
541 3283 570 3326 ut
593 3274 659 3327 uibil
691 3291 789 3328 nevum
817 3283 898 3344 atque
923 3274 1068 3326 inauditum
1098 3274 1123 3325 ei
1152 3273 1197 3341 qui

94 3341 172 3395 milia
191 3341 327 3394 bominum
347 3345 447 3398 iniusta
466 3347 549 3398 caede
566 3347 670 3411 stravit,
697 3348 776 3399 etiarn
795 3346 907 3399 libidine
925 3345 1033 3410 teneri,
1053 3347 1090 3396 ita
1108 3359 1198 3414 neque

95 3413 160 3466 lruic
184 3413 327 3484 quidquam
346 3431 445 3468 uorum
465 3425 506 3468 est
525 3425 554 3468 ut
572 3419 616 3485 qui
636 3417 720 3470 semel
740 3433 756 3470 a
773 3419 824 3470 deu
837 3427 960 3470 creatore
979 3418 1117 3469 seiunctus
1135 3415 1197 3482 pie.
1250 3471 1256 3485 ι

92 3493 150 3538 tate
170 3501 201 3537 se
218 3484 396 3551 abdicaverit,
416 3489 526 3540 reiectis
540 3487 638 3540 divinis
657 3488 763 3557 legibus
783 3497 862 3558 atque
880 3489 1009 3540 institutis
1031 3495 1057 3539 et
1077 3486 1197 3538 omnibus

93 3558 180 3610 saeris
199 3557 336 3623 mysteriis
357 3557 507 3612 insolenter
534 3561 675 3611 contemtis
695 3567 721 3611 et
750 3561 794 3628 qui
816 3562 844 3610 in
868 3559 1044 3612 scelestorum
1063 3559 1197 3609 miseriam

92 3637 166 3680 terra
186 3629 306 3696 marique
333 3645 379 3681 ees
403 3631 525 3698 quicum
548 3633 649 3698 pietate
675 3630 851 3684 adoleverant
877 3629 1034 3696 disperserit
1064 3637 1090 3680 et
1107 3627 1196 3679 multis

93 3715 141 3752 εοο
161 3700 208 3768 qui
227 3699 317 3752 relicti
336 3711 412 3753 erant
430 3702 546 3754 vinculis
565 3702 747 3767 obstrinxerit,
765 3701 810 3755 vel
829 3701 941 3770 gloriari
961 3700 1090 3753 eiusmodi
1109 3698 1196 3750 male.

93 3771 162 3823 ficiis
183 3787 253 3840 quae
272 3773 305 3824 nd
324 3774 406 3826 instar
426 3774 496 3825 lunis
516 3775 544 3826 vi
562 3771 732 3843 aequalitatis
751 3775 784 3827 ud
812 3774 913 3840 primae
932 3773 1072 3840 prauitatis
1095 3771 1194 3822 lentem

92 3843 233 3912 ingenium
252 3843 310 3896 cius
330 3845 472 3898 deducunt.
510 3853 537 3897 tu
557 3861 623 3898 vero
643 3846 685 3898 die
704 3846 769 3897 mibi
795 3861 857 3898 nuru
877 3845 912 3898 sit
932 3845 1038 3897 fortuna
1067 3851 1094 3896 et
1112 3842 1194 3896 laturn

93 3916 250 3966 necessario
270 3929 350 3968 eausa
377 3933 496 3986 eaquae
527 3918 592 3970 liunt
612 3917 755 3970 alliciens?
792 3916 924 3986 quomode
949 3917 1065 3982 taudem,
1084 3915 1194 3968 amice?

96 3985 187 4038 simile
206 3994 249 4038 est
266 4003 299 4040 ac
317 3987 340 4040 ai
361 3990 421 4057 quis
439 3988 526 4040 media
547 3989 635 4040 bieme
652 3989 738 4042 nudus
758 3989 807 4042 sub
826 3989 905 4041 coelo
930 3987 1069 4042 ambulans
1087 4003 1193 4040 causam

97 4057 207 4125 trigoris
231 4071 288 4110 unu
305 4075 370 4112 sure
392 4059 491 4112 ratiuui
518 4075 550 4112 ac
574 4061 729 4126 retentati,
753 4061 800 4114 sed
826 4061 880 4126 iat,
905 4061 1060 4114 necessitati
1085 4061 1195 4120 tribum.

99 4128 227 4194 protecte
247 4131 316 4184 eninr
335 4145 390 4184 non
408 4132 538 4199 cuiusque
555 4132 641 4185 libera
660 4132 783 4186 voluutas
800 4135 898 4202 cuique
917 4131 1014 4188 cletiro
1041 4133 1072 4188 bt
1094 4141 1122 4184 et
1137 4143 1195 4184 sors

102 4205 233 4270 tauquam
248 4215 282 4256 es
301 4215 354 4256 auu
374 4203 522 4270 caesarque
540 4205 615 4258 terte
628 4205 758 4272 protecte.
795 4206 912 4275 dentque
930 4217 1018 4260 rursu
1036 4203 1069 4258 ad
1087 4217 1120 4263 se
1139 4201 1195 4256 tta.
