2874 4784
193 283 415 352 mesonma:
442 221 703 352 amararum
717 237 1050 356 mamb-8²1.
1106 274 1181 356 tta
1279 221 1284 236 Ι

67 468 190 530 καριοι
213 428 384 512 dederetur
398 445 480 512 κατὰ
499 445 534 512 τό
556 443 693 532 ἅρρητόν
712 447 815 512 τεκαί
835 444 994 532 ἄγνωστον
1005 448 1181 534 ἐχειραγω-

68 548 193 632 γοῦντο
216 547 350 628 όόναμίν
371 572 405 612 τε
434 548 489 612 καί
511 548 606 625 δόξαν
615 596 625 626 ,
655 552 712 634 τῆς
743 549 887 636 ἀφανοῦς
913 549 1124 638 κροφιότητος
1144 548 1180 614 τό
1226 601 1230 612 .

72 648 183 733 φανὲν
206 645 312 722 αὐτοῖς
333 644 415 732 όττὲρ
435 647 491 732 τὴν
513 647 666 734 αἴσθησιν
688 652 758 736 φοῖς
773 649 932 736 σόμβολον
953 645 1035 714 εἶναι
1052 653 1179 734 μανθά-

69 747 214 824 νοντες.”
265 745 345 837 όρηῖς
374 750 515 826 πῶςκαί
549 741 638 826 οὗτος
660 753 716 834 τῆς
740 748 785 834 μὴ
809 752 1001 836 φαινομένης
1032 751 1179 816 οἷκτίστοο

38 849 174 924 walae
210 847 320 924 οόσίας
351 853 407 912 τοῦ
442 851 657 934 θεανθριόττοο
690 852 784 936 λόγον
808 851 906 916 τόπον
935 852 991 916 καί
1012 851 1179 934 σύμβολον,

70 949 137 1013 καί
160 948 215 1012 οὐκ
240 945 381 1014 οἴκτιστον
402 947 498 1035 ἄλλην
523 951 738 1018 ἀνυπόστατον
761 953 878 1039 φάσκει
899 951 1044 1036 θεότητα,
1066 949 1101 1016 τό
1123 978 1178 1036 τη-

69 1051 213 1113 νικαῦτα
228 1049 420 1135 φαινόμενον
434 1053 503 1136 φῶς
522 1055 555 1116 ὲν
574 1051 693 1136 Θαβώρ
711 1055 759 1116 ἐπ’
785 1052 889 1130 αὐτοῦ,
905 1051 960 1116 καί
981 1052 1178 1137 παρόόειξιν,
1259 1067 1262 1077 ·

71 1149 116 1212 οὔ
141 1152 260 1230 όειῖξινς
287 1152 373 1236 μηδὲ
406 1149 468 1236 γὰρ
492 1145 574 1216 εἶναι
597 1152 730 1218 duranda
761 1152 923 1240 ὁραθῆναι
943 1159 1009 1228 τοῖς
1029 1151 1202 1236 κτίσμασι·

67 1250 110 1314 τό
139 1246 283 1316 οἴκτιστον
304 1253 386 1337 μηδὲ
414 1241 753 1340 τοῖςπεττερασμένοις
774 1253 808 1320 τό
834 1249 966 1338 ι’έττειρον
987 1252 1079 1339 λέγει.
1123 1255 1246 1337 όη-ῦθ

21 1358 134 1428 point
165 1353 194 1414 d'
228 1351 453 1439 ἐναργέστερον
485 1353 533 1418 ἔτι
553 1354 608 1419 κατ’
639 1352 656 1418 ό
687 1355 788 1440 μέγας
818 1357 873 1438 τῆς
900 1356 1068 1440 ἐκκλησίας
1090 1357 1179 1419 τοῦτο

73 1450 214 1538 φωστὴρ
237 1451 411 1538 Κόριλλος·
453 1451 666 1539 “ττεττρᾶχθαι
687 1457 748 1540 γάρ
771 1478 877 1541 φαμεν
896 1453 951 1538 την
972 1457 1029 1519 τοῦ
1047 1452 1179 1540 κυρίου”

71 1551 164 1646 λέγει
185 1550 472 1639 “μεταμόρφωσιν,
507 1555 543 1618 οὗ
576 1557 677 1640 όηττοο
713 1553 747 1620 τό
778 1559 889 1640 σχῆμα
920 1553 956 1619 τό
980 1555 1180 1640 ἀνθρώπινον

74 1652 296 1733 ἀποβαλόντος
316 1656 372 1717 τοῦ
393 1654 548 1736 στόματος,
575 1654 655 1720 ἀλλὰ
678 1655 769 1738 δόξης
791 1651 875 1732 τινός
908 1657 1102 1742 φωτοειόοῦς
1122 1676 1179 1716 πε-

75 1749 304 1835 ριστελλούσης
326 1752 402 1818 αότό
413 1781 419 1796 ·
439 1755 604 1835 μείναντος
624 1752 686 1840 γὰρ
708 1753 925 1837 τοῦσώματος
948 1756 1002 1818 ἐπὶ
1021 1753 1079 1818 τοῦ
1099 1752 1180 1836 σχή-
1233 1797 1240 1812 .

24 1873 195 1933 η5ματος,
224 1851 279 1914 έτιί
310 1851 344 1916 τό
372 1853 572 1939 ἐνδοξότερον
603 1853 631 1918 οἱ
661 1857 865 1938 χαρακτῆρες
899 1852 953 1918 dud
987 1855 1181 1939 φωτοειόοός
1259 1925 1262 1930 ,

69 1951 249 2035 χρώματος
270 1953 527 2037 όιεχραόννυντο.”
583 1955 612 2017 εἷ
632 1948 688 2018 οόν
712 1951 793 2018 κατὰ
815 1953 872 2029 τὰς
890 1957 952 2018 τῶν
979 1953 1077 2038 ἁγίων
1098 1977 1308 2038 γρα-Ηηρι,

75 2049 146 2138 φὰς
165 2053 261 2128 τόπος
283 2053 338 2116 καί
367 2055 525 2136 σόμβολον
562 2055 708 2120 ἀκτίστου
739 2054 888 2138 θεότητος
917 2050 956 2138 ἦν
988 2053 1113 2116 κάκεῖνο
1143 2051 1178 2118 τό

75 2154 160 2236 φῶς,
181 2151 287 2236 ἕτερον
308 2153 428 2236 ἐκείνης
451 2149 491 2238 ἦν
510 2155 566 2220 καί
588 2155 644 2219 οὐκ
664 2155 785 2239 ἐκείνη,
809 2153 877 2219 οὐδ’
903 2150 1045 2230 ἄκτιστος
1067 2153 1179 2238 θεότης

75 2248 186 2314 είτουν
210 2251 314 2316 οόσίιι.
358 2249 400 2326 ιός
423 2251 485 2338 γὰρ
508 2251 543 2318 τό
567 2255 674 2340 ἕτερον
695 2250 852 2340 τιαρότὴν
875 2253 1008 2336 όόναμιν
1023 2251 1105 2318 κατὰ
1124 2249 1178 2316 τόν

26 2349 239 2430 ρρΝοσσαέα
260 2353 290 2415 Γ
291 2351 439 2437 ρηγόριον
469 2355 602 2438 όόναμις
625 2354 680 2418 οόκ
704 2353 809 2432 ἔστιν,
833 2351 915 2418 οὕτω
937 2355 992 2418 καί
1012 2352 1047 2418 τό
1070 2354 1177 2438 ἕτερον

74 2449 170 2536 παρὰ
189 2449 246 2536 τὴν
266 2451 366 2536 μόνην
389 2449 533 2518 ἅκτιστον
555 2454 666 2520 οόσίαν
688 2455 800 2538 θεότης
830 2449 973 2529 οἴκτιστος
995 2452 1049 2517 οὐκ
1074 2452 1176 2518 ἔστιν·

75 2551 108 2614 εἰ
130 2549 192 2636 γὰρ
218 2547 319 2637 ἄλλη,
346 2552 402 2616 καί
434 2550 579 2630 όκτιστος
607 2555 663 2619 καί
692 2553 839 2630 όνοόσιος
867 2554 922 2618 καί
953 2552 1177 2630 ἀνυπόστατος.

76 2650 278 2740 ἀνύπαρκτος
298 2650 379 2741 ἄρα,
400 2655 456 2720 καί
477 2652 516 2740 τό
538 2656 635 2737 σέβας
664 2654 760 2720 όθεΐα
782 2654 899 2743 σαφής.
942 2651 1041 2730 νότιος
1062 2653 1096 2718 ἐκ
1117 2653 1240 2736 prim

78 2963 287 3033 inpenetrabilis
307 2963 476 3018 obscuritatis
495 2963 643 3032 symbolum
663 2979 722 3016 esse
741 2963 829 3017 lucem
858 2979 937 3034 supra
956 2979 1062 3018 sensnm
1089 2979 1175 3033 appa.

78 3045 183 3090 rentem
202 3036 396 3104 intelligerent.
432 3037 561 3100 videsne,
581 3036 712 3104 quomodo
732 3035 783 3087 iiie
805 3035 951 3088 invisibilis
969 3038 1106 3088 increatae
1131 3037 1176 3088 di.

79 3111 162 3160 rinae
182 3109 315 3160 essentiae
332 3109 424 3161 divino
436 3107 542 3158 humani
555 3107 630 3159 vorbi
649 3107 804 3175 eiiigiemet
822 3103 971 3173 symbolum
990 3121 1041 3158 neo
1061 3108 1174 3158 inorea.

79 3187 133 3231 tam
160 3179 269 3230 aiteram
292 3179 521 3230 insubstantialem
540 3179 666 3230 deitatem
693 3180 758 3231 dicit
775 3178 861 3230 iucem
882 3185 936 3230 tum
955 3179 982 3228 io
1003 3175 1107 3230 Thabor
1126 3192 1175 3228 su.

80 3265 132 3332 per
151 3265 209 3302 enm
229 3259 416 3318 apparentem,
436 3259 462 3302 et
481 3251 754 3317 subpateiactionem,
779 3265 832 3301 non
859 3251 1075 3316 patefactionem.
1119 3261 1173 3300 non

82 3322 516 3460 istdtitat‘beiizidt
532 3319 1174 3461 dedititium¹tii¹stt;bi„t¹t'·adt

82 3464 153 3514 enim
175 3465 321 3530 cogitamus
342 3465 440 3516 domini
459 3465 729 3532 transfigurationem,
749 3464 844 3530 iuquit,
862 3477 916 3514 uon
931 3463 1036 3514 abiecta
1054 3461 1174 3527 corporis

81 3534 191 3585 humani
212 3536 304 3598 iorma,
324 3536 370 3586 sed
390 3535 511 3586 claritate
529 3537 605 3604 quasi
616 3535 723 3588 luminis
734 3535 906 3598 circumdata,
926 3535 1024 3602 integri
1043 3533 1173 3598 corporis,

82 3605 154 3673 quod
174 3605 282 3656 formam
306 3607 409 3658 attinet.
447 3605 537 3656 vuitus
560 3607 627 3658 iuois
649 3607 742 3657 colora
761 3605 853 3656 imbuti
872 3611 942 3656 sunt.
987 3605 1009 3656 si
1028 3603 1110 3667 igitur
1126 3617 1175 3654 se·

82 3677 196 3728 cundum
219 3685 368 3728 sanctorum
388 3677 471 3728 iibros
491 3678 597 3743 eiflgies
617 3683 643 3726 et
667 3675 815 3742 aymboium
834 3677 970 3734 increatae
989 3674 1095 3724 deitatis
1118 3679 1175 3724 erat

82 3747 130 3799 lux
150 3743 209 3812 illa,
232 3747 304 3800 aiind
323 3749 451 3815 quoddam
473 3756 531 3798 erat
547 3755 627 3815 atque
647 3745 695 3798 illa
714 3755 742 3798 et
758 3761 812 3798 non
832 3747 880 3798 iiia
898 3759 949 3796 neo
970 3745 1088 3796 increata
1113 3743 1174 3796 dei.

81 3825 122 3869 tas
141 3819 159 3868 i.
180 3833 205 3870 ε.
227 3822 352 3870 essentia.
390 3821 606 3887 quemadmodum
626 3819 696 3868 onim
717 3817 829 3869 aiterum
846 3817 975 3885 quoddam
996 3823 1103 3882 praeter
1122 3830 1174 3883 po.

81 3891 193 3940 tentiam
213 3893 357 3942 secundum
380 3891 536 3956 Gregorium
556 3889 692 3941 iiissaeum
711 3889 828 3955 potentia
855 3885 931 3938 nulla
950 3895 1005 3951 est,
1033 3888 1070 3938 ita
1094 3889 1174 3939 etiam

80 3959 167 4012 altera
187 3949 292 4026 prabter
311 3977 388 4013 uuam
408 3961 549 4010 increatam
570 3960 711 4010 essentium
731 3961 816 4012 deitas
835 3960 954 4010 increata
973 3957 1049 4010 nulia
1067 3966 1116 4012 est.
1150 3958 1174 4010 si
1254 3966 1259 3978 ·

80 4031 152 4082 enim
172 4033 268 4096 nitere,
286 4047 352 4102 erpo
370 4033 488 4083 increata
508 4039 535 4082 et
553 4030 735 4084 inessentialia
762 4037 790 4080 et
815 4030 1027 4082 insubstantialis
1046 4037 1074 4082 et
1090 4027 1174 4096 spiri.

78 4104 161 4158 tuaiis
182 4111 209 4156 et
227 4106 367 4157 veneratio
387 4102 467 4172 piano
487 4102 641 4156 atbeissnus.
679 4103 771 4170 itaque
790 4115 825 4154 ox
842 4101 1022 4170 poiptbeismo
1041 4101 1174 4158 termae
