2862 4784
226 245 276 322 od
531 247 757 318 urosreonr
787 227 1046 314 cneooaau'
1113 320 1118 338 Ι

227 411 499 502 α’ντεφιλοτιμεῖτό
519 409 549 478 οἱ
579 411 633 476 καί
653 408 698 475 τό·
712 409 806 476 νιιστόι
830 413 884 493 τῆς
912 407 985 491 steps*
1005 407 1040 474 τό
1065 405 1163 490 σδβας
1184 407 1334 494 όλεγδοός

211 515 372 598 1δμονοίας
394 517 578 598 περιφανοῦς
600 512 775 592 α’ντεδίδου,
798 505 841 586 τός
856 511 1029 595 τηνικαῦτα
1052 507 1108 574 καί
1127 511 1183 574 τὸν
1203 510 1332 576 Ἀντιο-

224 621 317 700 χείας
341 611 499 699 ἔγγραφον
519 608 638 678 ἑαυτοῦ
659 617 855 696 προενεγκεῖν
874 611 982 690 τόμον,
1003 607 1171 690 ὁμολογίαν
1187 613 1247 690 μὲν
1272 611 1329 692 τῆς

227 712 400 799 δρθοδόξου
434 716 489 776 καί
522 715 626 794 κοινῆς
656 711 745 792 ἡμῶν
775 707 887 793 ἔχοντα
911 714 1058 791 ιιίστεας,
1081 707 1270 788 ἐκτέμνοντα
1295 712 1332 772 δὲ

228 818 392 897 Παλαμόν
415 815 471 898 τῆς
493 815 550 878 τοό
573 814 652 876 θεοῦ
675 811 838 894 ἐκκλησίας
869 809 913 886 οός
941 809 1022 874 νόθα
1046 813 1102 874 καί
1119 813 1241 895 βέβηλα
1262 821 1358 875 ιτα-5

229 913 416 1006 ρεισόγογτα
438 911 602 996 δόγματα,
634 910 730 992 τόμον
751 914 867 974 ἐκεῖνον
899 909 1019 993 δηλαδὴ
1043 903 1079 974 δν
1101 914 1135 975 όν
1153 911 1328 1000 Βυζαντίῳ

227 1013 429 1098 συνετετάχει
454 1011 565 1095 ταρσόν
588 1011 643 1078 καί
662 1009 784 1076 decios
813 1014 867 1074 καί
887 1010 1175 1092 συναγωνιζόμενος
1196 1009 1327 1100 Ἰωάννῃ

226 1119 268 1206 τῷ
289 1111 470 1202 πατριόρχῃ
491 1115 546 1178 καί
564 1122 628 1188 τοῖς
644 1135 677 1196 γε
699 1113 780 1197 ἄμφ’
802 1112 900 1208 ου’τόν
918 1109 1118 1194 ε’νιισκόιιοις,
1141 1107 1175 1175 τό
1197 1113 1328 1194 ίσχόειν

227 1212 338 1298 ἔχουσι
360 1217 435 1287 τίονς
456 1211 490 1278 ἔκ
509 1237 541 1276 τε
563 1215 621 1296 τῆς
643 1216 797 1296 α’ληθείας
825 1208 858 1276 όν
880 1234 914 1275 τε
943 1215 1001 1275 sori
1029 1211 1074 1293 μὴ
1101 1219 1250 1296 παρεῖναι
1274 1213 1329 1277 τόν

229 1316 451 1393 α’ντιβαίνοντα
478 1313 760 1398 Καντακουζηνόν,
779 1305 830 1376 ότε
853 1310 892 1396 tt,
914 1311 968 1375 καί
988 1314 1112 1394 πρῶτον
1132 1315 1373 1398 δτιιφυεῖαανλθ

229 1419 273 1503 τῷ
296 1417 429 1502 καθαρῷ
456 1419 532 1502 ληίφ
562 1412 618 1496 τήν
638 1413 730 1479 νόσον
752 1417 871 1496 ἐκείνην
901 1414 934 1490 ἐξ
956 1413 1054 1496 αυ’τῆς
1082 1408 1170 1490 ἔδοξε
1190 1419 1329 1494 τέμνειν,
1403 1419 1411 1428 “

229 1513 273 1589 τός
294 1511 392 1596 ἔλεγε,
414 1511 563 1598 βλόστης.
614 1513 724 1578 τοῦτόν
754 1538 850 1600 φησιν
873 1515 1045 1578 α’νελίττειν
1066 1537 1101 1578 τε
1120 1516 1250 1592 ἐκεῖνον,
1271 1516 1330 1580 καί

212 1610 298 1696 ’ἅμα
331 1613 389 1690 τός
420 1613 610 1700 όπογραφός
638 1615 692 1698 τῆς
729 1608 952 1700 όμοφροσόνιγς
983 1614 1138 1679 δεικνόειν
1164 1617 1227 1678 τῶν
1259 1613 1328 1680 ὅσοι

228 1721 282 1800 τῆς
306 1716 463 1798 εἰιαρχίας
484 1713 604 1780 ε’κείνου
628 1715 839 1798 τυγχάνουσιν
857 1708 948 1790 ,όντες
965 1719 1128 1782 ἐπίσκοποι
1151 1715 1206 1780 καί
1228 1739 1331 1800 πρεσ-

227 1813 370 1900 βύτεροι,
395 1819 448 1880 καί
469 1811 612 1880 όσοιτιδν
634 1809 737 1893 όλλιος
763 1813 904 1898 λογόδαν
924 1814 1121 1898 τόςγντόμας
1144 1811 1226 1900 ἦσαν
1247 1839 1369 1902 συγ-15

99 1925 182 1982 21⁰0
191 1925 218 1980 b.
228 1919 375 1998 κείμενοι.
392 1919 415 1956 “
430 1915 552 1992 τούτοις
574 1914 755 2001 ὁμόφρονος
768 1919 824 1981 καί
836 1921 893 1982 τοῦ
905 1921 961 2001 τῆς
983 1917 1217 2002 Ἀλεξανδρείας
1241 1917 1330 2003 ἔλεγε

228 2017 438 2098 πεπειρᾶσθαι
461 2019 618 2100 προέδρου
642 2014 702 2082 σόν
716 2040 751 2100 γε
765 2027 830 2092 τοῖς
852 2016 905 2080 διί
927 2016 1013 2104 αὐτῷ
1031 2015 1232 2084 νιαντότιασιν
1255 2021 1332 2084 δαι-

228 2117 378 2200 σκόιιοις,
407 2116 462 2181 καί
491 2113 558 2197 ἅμα
587 2119 643 2182 τοῦ
663 2121 835 2202 τηνικαῦτα
856 2118 913 2202 τήν
941 2123 1004 2183 τοῖν
1021 2117 1253 2202 Ἱεροσολύμων
1274 2122 1332 2185 ε’κ-

229 2218 361 2300 κλιγσιάν
382 2219 553 2292 διὲαοντος.
608 2217 662 2282 καί
690 2218 797 2292 δειλῶς
828 2214 965 2304 ἔφασκεν
998 2212 1078 2283 εἶναι
1099 2221 1222 2302 μρδδνα
1246 2209 1272 2310 ᾦ
1296 2221 1331 2284 τό

231 2319 382 2398 ίαιτιμόν
405 2319 592 2398 Βυζαντίοις
623 2322 677 2401 τῆς
706 2315 740 2382 όν
763 2326 832 2400 τοῖς
863 2311 966 2393 οότως
997 2315 1156 2402 ἀκινήτοις
1179 2318 1371 2402 εόκολίαςςρ

191 2419 290 2488 οουκ
312 2411 351 2501 ἦν
374 2415 435 2482 α’νό
468 2418 581 2500 στόμα.
633 2415 686 2484 τόν
715 2420 743 2483 δ’
765 2418 1005 2500 Ἀλεξανδρείας
1035 2419 1163 2502 καὶτῆς
1187 2425 1332 2506 φυσικῆς

179 2514 397 2638 δδαόμαζρ1
419 2516 506 2600 μόλα
527 2523 694 2600 συνέσεως,
715 2517 849 2605 βεβηκός
873 2517 1060 2606 δχοόσνγς
1028 2544 1063 2586 το
1088 2522 1253 2604 ἐμβριθές,
1276 2526 1333 2587 κατ’

215 2608 308 2690 οότε
329 2617 408 2706 πρός
427 2622 552 2704 αἀνρίαν
573 2625 756 2704 φιλοτιμίας
777 2621 896 2709 ῥᾳδίως
919 2621 1145 2702 ἐλαυνόμενον,
1168 2612 1241 2684 οότε
1265 2617 1332 2705 pasis

228 2922 337 2986 niteret,
356 2935 452 2987 nemo,
473 2923 536 2989 quin
553 2921 671 2991 benigne
691 2937 751 2974 enm
777 2923 915 2989 exciperet
934 2929 961 2974 et
982 2921 1101 2975 certatim
1130 2921 1277 2974 honoraret
1301 2937 1333 2976 ac

228 3005 310 3045 verae
329 2993 390 3044 ildei
410 2993 727 3045 concordiae-manifeste
744 2993 857 3062 pignora
876 2993 959 3044 daret.
996 3001 1050 3045 tum
1068 2995 1145 3045 etiem
1163 2994 1334 3048 Antiochiae

230 3063 382 3132 patriarcba
401 3065 527 3132 scriptum
546 3073 645 3116 tomum
666 3065 791 3132 protulit,
810 3065 856 3186 φιλ
876 3065 1080 3116 consensionem
1108 3065 1275 3118 orthodoxae
1302 3075 1330 3116 et

231 3135 376 3186 communis
395 3143 502 3186 nostrae
524 3137 585 3187 lidei
612 3135 783 3198 continebat,
830 3135 940 3186 clamem
959 3149 1025 3187 vero
1046 3143 1075 3186 ut
1092 3137 1183 3202 spuria
1212 3143 1239 3188 et
1265 3151 1333 3203 pro.

233 3207 295 3257 lana
316 3206 440 3273 dogmata
459 3205 628 3258 inducentem
647 3222 681 3256 ex
699 3207 742 3258 dei
763 3205 879 3257 ecclesia
900 3206 1026 3258 eiicicbet
1043 3235 1078 3249 -
1106 3215 1204 3257 tomum
1224 3208 1334 3259 scilicet

232 3275 318 3340 illum,
333 3291 411 3342 quem
430 3285 624 3342 composuerat,
645 3292 723 3344 quum
742 3276 866 3344 Byzantii
886 3277 991 3328 audiret
1009 3283 1036 3327 et
1053 3276 1192 3329 adiuvaret
1204 3277 1333 3330 loannem

230 3346 407 3416 patriarcham
428 3347 539 3414 eiusque
560 3348 711 3413 episcopos,
731 3347 775 3416 qui
795 3347 948 3415 aliquandiu
968 3348 1122 3414 superiores
1142 3356 1217 3399 eant
1236 3348 1333 3402 obve-

233 3417 319 3470 ritetis
339 3417 494 3484 uim‚quom
514 3417 693 3469 defendebant
712 3426 739 3469 et
757 3420 828 3486 quod
847 3432 902 3470 non
921 3419 1021 3483 ederat,
1040 3419 1086 3487 qui
1105 3419 1138 3470 iis
1173 3436 1187 3470 c
1207 3433 1333 3486 oppone.

234 3496 286 3552 ret,
306 3487 525 3554 Cantocuaeous,
547 3503 578 3538 oo
597 3489 720 3540 nimirum
739 3497 878 3558 tempore,
898 3503 951 3557 quo
976 3497 1078 3556 pestem
1103 3490 1179 3542 istam
1212 3491 1239 3541 in
1264 3505 1333 3558 puro

233 3573 298 3628 egro
320 3560 432 3627 primum
451 3567 664 3612 succrescentem
685 3562 820 3626 cumipse
841 3561 961 3628 germine
981 3561 1175 3644 exstirpandam
1196 3577 1256 3612 esse
1281 3563 1333 3613 de-

235 3639 334 3683 cretum
355 3638 404 3683 est.
443 3630 494 3682 hoc
511 3639 582 3682 tomo
604 3630 715 3682 evoluto
736 3646 795 3682 eum
814 3632 852 3682 ait
872 3631 1021 3682 ostendisse
1048 3633 1126 3683 etiam
1152 3631 1333 3700 subscriptio.

234 3717 282 3754 nes
301 3703 480 3753 unanimitatis
494 3703 609 3754 omnium
628 3701 702 3754 illius
720 3703 876 3769 provinciae
897 3703 1083 3785 episcoporum
1103 3710 1130 3754 et
1155 3702 1332 3769 presbytero.

234 3787 292 3824 rum
310 3779 390 3839 atque
413 3766 526 3822 eliorum
547 3773 753 3824 lectissimorum
767 3775 895 3836 virorum,
914 3774 960 3840 qui
979 3773 1007 3824 in
1026 3775 1332 3826 eademecntentiasts-

235 3850 304 3894 rent
349 3843 441 3893 eodem
467 3855 547 3894 sensu
567 3844 701 3910 praeditos
722 3852 748 3895 et
765 3843 945 3896 Alexandriae
963 3843 1112 3910 praesulem
1132 3861 1191 3896 cum
1210 3845 1333 3898 omnibus

238 3911 372 3982 episcopis
390 3913 415 3962 ei
436 3913 547 3966 subditis
568 3921 595 3964 et
616 3929 685 3978 eum,
706 3917 750 3982 qui
769 3923 822 3967 tum
832 3913 1079 3998 Hierosolymorum
1098 3915 1272 4000 gubernabat.
1284 3933 1333 3968 oo-

239 3985 359 4047 ciceiam,
379 3998 408 4032 se
428 3991 565 4051 expertum
582 4000 641 4036 esse
661 3986 727 4036 dixit
744 3995 824 4054 etque
846 3987 1095 4037 omninoneminem
1115 3987 1210 4051 luisse,
1229 3989 1335 4038 coinon

240 4053 415 4122 reprehensio
434 4053 653 4121 byzantinorum,
673 4058 769 4125 quod'
762 4073 789 4108 ur
808 4056 888 4108 robus
906 4065 958 4108 tam
979 4057 1185 4110 immutabilibus
1203 4065 1276 4110 tonte
1291 4057 1335 4109 le·

242 4127 327 4181 sitate
347 4131 452 4188 essent,
472 4126 499 4176 ln
515 4137 562 4176 οτε
586 4141 691 4194 semper
717 4129 821 4182 luissee
865 4125 1043 4180 Alexandriae
1071 4135 1158 4182 autom
1185 4127 1336 4196 praesulem
