<?xml version="1.0" encoding="UTF-8"?>
<!DOCTYPE html PUBLIC "-//W3C//DTD XHTML 1.0 Transitional//EN"
    "http://www.w3.org/TR/xhtml1/DTD/xhtml1-transitional.dtd">
<html xmlns="http://www.w3.org/1999/xhtml" xml:lang="en" lang="en">
 <head>
  <title>
</title>
<meta http-equiv="Content-Type" content="text/html;charset=utf-8" />
  <meta name='ocr-system' content='tesseract 3.04.00' />
  <meta name='ocr-capabilities' content='ocr_page ocr_carea ocr_par ocr_line ocrx_word'/>
</head>
<body>
  <div class='ocr_page' id='page_1' title='image "./corpusscriptoru14niebgoog_0585.png"; bbox 0 0 2898 4790; ppageno 0'>
   <div class='ocr_carea' id='block_1_1' title="bbox 270 289 1436 366">
    <p class='ocr_par' dir='ltr' id='par_1_1' title="bbox 270 289 1436 366">
     <span class='ocr_line' id='line_1_1' title="bbox 270 289 1436 366; baseline 0.003 -2"><span class='ocrx_word' id='word_1_1' title='bbox 270 289 343 366; x_wconf 76' lang='lat'><strong>560</strong></span> <span class='ocrx_word' id='word_1_2' title='bbox 458 301 462 306; x_wconf 86' lang='lat'>&#39;</span> <span class='ocrx_word' id='word_1_3' title='bbox 568 295 794 366; x_wconf 71' lang='lat' dir='ltr'><strong>tttcttfflottt</strong></span> <span class='ocrx_word' id='word_1_4' title='bbox 828 297 1056 366; x_wconf 73' lang='lat' dir='ltr'><strong>caucetum</strong></span> <span class='ocrx_word' id='word_1_5' title='bbox 1435 309 1436 342; x_wconf 71' lang='lat' dir='ltr'><strong>l</strong></span> 
     </span>
    </p>
   </div>
   <div class='ocr_carea' id='block_1_2' title="bbox 205 455 1436 758">
    <p class='ocr_par' dir='ltr' id='par_1_2' title="bbox 205 455 1436 758">
     <span class='ocr_line' id='line_1_2' title="bbox 269 455 1436 554; baseline 0.009 -32"><span class='ocrx_word' id='word_1_6' title='bbox 269 483 323 522; x_wconf 88' lang='grc' dir='ltr'><strong><em>ται</em></strong></span> <span class='ocrx_word' id='word_1_7' title='bbox 353 455 415 543; x_wconf 80' lang='grc' dir='ltr'><strong><em>μόρ</em></strong></span> <span class='ocrx_word' id='word_1_8' title='bbox 447 459 481 522; x_wconf 79' lang='grc' dir='ltr'><strong>ἐν</strong></span> <span class='ocrx_word' id='word_1_9' title='bbox 511 483 609 548; x_wconf 83' lang='grc' dir='ltr'><strong><em>ιικρρι</em></strong></span> <span class='ocrx_word' id='word_1_10' title='bbox 622 460 741 524; x_wconf 82' lang='grc' dir='ltr'><strong><em>κόλπου</em></strong></span> <span class='ocrx_word' id='word_1_11' title='bbox 771 457 855 535; x_wconf 88' lang='grc' dir='ltr'><strong><em>τινός</em></strong></span> <span class='ocrx_word' id='word_1_12' title='bbox 886 461 1069 554; x_wconf 75' lang='grc' dir='ltr'><strong><em>θαλαττίου,</em></strong></span> <span class='ocrx_word' id='word_1_13' title='bbox 1099 462 1202 548; x_wconf 79' lang='grc' dir='ltr'><strong><em>μέχρι</em></strong></span> <span class='ocrx_word' id='word_1_14' title='bbox 1224 467 1378 530; x_wconf 71' lang='lat' dir='ltr'><strong>uictis-too</strong></span> <span class='ocrx_word' id='word_1_15' title='bbox 1435 473 1436 544; x_wconf 75' lang='lat' dir='ltr'><strong>l</strong></span> 
     </span>
     <span class='ocr_line' id='line_1_3' title="bbox 270 559 1436 648; baseline 0.005 -26"><span class='ocrx_word' id='word_1_16' title='bbox 270 560 325 640; x_wconf 83' lang='grc' dir='ltr'><strong>τῆς</strong></span> <span class='ocrx_word' id='word_1_17' title='bbox 347 559 499 634; x_wconf 81' lang='grc' dir='ltr'><strong><em>Αιολίάος</em></strong></span> <span class='ocrx_word' id='word_1_18' title='bbox 519 562 577 642; x_wconf 75' lang='grc' dir='ltr'><strong>γῆς</strong></span> <span class='ocrx_word' id='word_1_19' title='bbox 599 559 783 644; x_wconf 80' lang='grc' dir='ltr'><strong><em>προιόντος,</em></strong></span> <span class='ocrx_word' id='word_1_20' title='bbox 805 560 940 626; x_wconf 74' lang='grc' dir='ltr'><strong><em>καὶτῶν</em></strong></span> <span class='ocrx_word' id='word_1_21' title='bbox 963 561 1063 646; x_wconf 90' lang='grc' dir='ltr'><strong><em>όρίων</em></strong></span> <span class='ocrx_word' id='word_1_22' title='bbox 1090 559 1155 648; x_wconf 72' lang='grc' dir='ltr'><strong>ἤδη</strong></span> <span class='ocrx_word' id='word_1_23' title='bbox 1178 565 1363 648; x_wconf 73' lang='grc' dir='ltr'><strong><em>σχεδὸνῆ</em></strong></span> <span class='ocrx_word' id='word_1_24' title='bbox 1326 592 1380 640; x_wconf 75' lang='grc' dir='ltr'><strong><em>τυ,-</em></strong></span> <span class='ocrx_word' id='word_1_25' title='bbox 1435 567 1436 584; x_wconf 56' lang='lat'>³</span> 
     </span>
     <span class='ocr_line' id='line_1_4' title="bbox 205 659 1436 758; baseline 0.005 -35"><span class='ocrx_word' id='word_1_26' title='bbox 205 659 333 724; x_wconf 71' lang='lat' dir='ltr'><strong>worfiv</strong></span> <span class='ocrx_word' id='word_1_27' title='bbox 356 659 475 724; x_wconf 75' lang='grc' dir='ltr'><strong><em>Λυδῶν</em></strong></span> <span class='ocrx_word' id='word_1_28' title='bbox 506 659 754 746; x_wconf 83' lang='grc' dir='ltr'><strong><em>παραψαόοντος</em></strong></span> <span class='ocrx_word' id='word_1_29' title='bbox 784 662 905 746; x_wconf 77' lang='grc' dir='ltr'><strong><em>χώρας.</em></strong></span> <span class='ocrx_word' id='word_1_30' title='bbox 959 662 1074 746; x_wconf 90' lang='grc' dir='ltr'><strong><em>ταότης</em></strong></span> <span class='ocrx_word' id='word_1_31' title='bbox 1096 665 1307 749; x_wconf 83' lang='grc' dir='ltr'><strong><em>ἑπιτροιιεόει</em></strong></span> <span class='ocrx_word' id='word_1_32' title='bbox 1327 670 1381 748; x_wconf 71' lang='grc' dir='ltr'><strong>τός</strong></span> <span class='ocrx_word' id='word_1_33' title='bbox 1435 743 1436 758; x_wconf 24' lang='grc' dir='ltr'><strong><em>η</em></strong></span> 
     </span>
    </p>
   </div>
   <div class='ocr_carea' id='block_1_3' title="bbox 201 757 1436 952">
    <p class='ocr_par' dir='ltr' id='par_1_3' title="bbox 201 757 1436 952">
     <span class='ocr_line' id='line_1_5' title="bbox 273 757 1436 844; baseline 0.005 -20"><span class='ocrx_word' id='word_1_34' title='bbox 273 759 413 837; x_wconf 86' lang='grc' dir='ltr'><strong><em>πόλεως,</em></strong></span> <span class='ocrx_word' id='word_1_35' title='bbox 442 758 478 824; x_wconf 82' lang='grc' dir='ltr'><strong>όν</strong></span> <span class='ocrx_word' id='word_1_36' title='bbox 511 757 550 824; x_wconf 83' lang='grc' dir='ltr'><strong>ἀν</strong></span> <span class='ocrx_word' id='word_1_37' title='bbox 571 759 589 825; x_wconf 91' lang='lat'>6</span> <span class='ocrx_word' id='word_1_38' title='bbox 609 759 780 844; x_wconf 85' lang='grc' dir='ltr'><strong><em>Ῥωμαίων</em></strong></span> <span class='ocrx_word' id='word_1_39' title='bbox 811 764 913 828; x_wconf 75' lang='grc' dir='ltr'><strong><em>ἕλοιτο</em></strong></span> <span class='ocrx_word' id='word_1_40' title='bbox 940 764 1092 844; x_wconf 78' lang='grc' dir='ltr'><strong><em>βασιλεὺς</em></strong></span> <span class='ocrx_word' id='word_1_41' title='bbox 1111 766 1168 830; x_wconf 83' lang='grc' dir='ltr'><strong><em>καί</em></strong></span> <span class='ocrx_word' id='word_1_42' title='bbox 1189 763 1229 829; x_wconf 81' lang='grc' dir='ltr'><strong>όν</strong></span> <span class='ocrx_word' id='word_1_43' title='bbox 1250 767 1288 829; x_wconf 82' lang='grc' dir='ltr'><strong><em>ἐκ</em></strong></span> <span class='ocrx_word' id='word_1_44' title='bbox 1311 767 1379 830; x_wconf 82' lang='lat' dir='ltr'><strong>Bu·</strong></span> <span class='ocrx_word' id='word_1_45' title='bbox 1435 759 1436 794; x_wconf 33' lang='lat' dir='ltr'>f</span> 
     </span>
     <span class='ocr_line' id='line_1_6' title="bbox 201 847 1403 952; baseline 0.003 -30"><span class='ocrx_word' id='word_1_46' title='bbox 201 847 205 863; x_wconf 64' lang='lat'>¹</span> <span class='ocrx_word' id='word_1_47' title='bbox 273 859 407 940; x_wconf 82' lang='grc' dir='ltr'><strong><em>ζαντίων</em></strong></span> <span class='ocrx_word' id='word_1_48' title='bbox 438 861 539 924; x_wconf 83' lang='grc' dir='ltr'><strong><em>ἐκεῖσε</em></strong></span> <span class='ocrx_word' id='word_1_49' title='bbox 560 861 715 943; x_wconf 84' lang='grc' dir='ltr'><strong><em>πέμψειε,</em></strong></span> <span class='ocrx_word' id='word_1_50' title='bbox 740 861 822 926; x_wconf 60' lang='grc' dir='ltr'><strong><em>’καθ’</em></strong></span> <span class='ocrx_word' id='word_1_51' title='bbox 848 858 938 928; x_wconf 68' lang='lat' dir='ltr'><strong>dude</strong></span> <span class='ocrx_word' id='word_1_52' title='bbox 964 863 1020 927; x_wconf 88' lang='grc' dir='ltr'><strong><em>καί</em></strong></span> <span class='ocrx_word' id='word_1_53' title='bbox 1043 865 1095 951; x_wconf 79' lang='grc' dir='ltr'><strong>ἐφ’</strong></span> <span class='ocrx_word' id='word_1_54' title='bbox 1118 863 1193 930; x_wconf 80' lang='grc' dir='ltr'><strong><em>ὅσον</em></strong></span> <span class='ocrx_word' id='word_1_55' title='bbox 1218 864 1403 952; x_wconf 72' lang='grc' dir='ltr'><strong><em>κυρώσατε,</em></strong></span> 
     </span>
    </p>
   </div>
   <div class='ocr_carea' id='block_1_4' title="bbox 190 955 1436 1988">
    <p class='ocr_par' dir='ltr' id='par_1_4' title="bbox 190 955 1436 1450">
     <span class='ocr_line' id='line_1_7' title="bbox 190 955 1436 1050; baseline 0.004 -25"><span class='ocrx_word' id='word_1_56' title='bbox 190 969 193 972; x_wconf 82' lang='grc'><strong>’</strong></span> <span class='ocrx_word' id='word_1_57' title='bbox 271 960 398 1044; x_wconf 85' lang='grc' dir='ltr'><strong><em>χρόνον.</em></strong></span> <span class='ocrx_word' id='word_1_58' title='bbox 451 959 487 1026; x_wconf 86' lang='grc' dir='ltr'><strong><em>τὸ</em></strong></span> <span class='ocrx_word' id='word_1_59' title='bbox 518 960 557 1045; x_wconf 76' lang='grc' dir='ltr'><strong>όίη</strong></span> <span class='ocrx_word' id='word_1_60' title='bbox 576 965 716 1028; x_wconf 70' lang='grc' dir='ltr'><strong><em>τοιοῦτον</em></strong></span> <span class='ocrx_word' id='word_1_61' title='bbox 744 963 883 1045; x_wconf 74' lang='grc' dir='ltr'><strong><em>μαθόντι</em></strong></span> <span class='ocrx_word' id='word_1_62' title='bbox 910 966 956 1050; x_wconf 72' lang='grc' dir='ltr'><strong><em>τῷ</em></strong></span> <span class='ocrx_word' id='word_1_63' title='bbox 984 967 1040 1028; x_wconf 77' lang='grc' dir='ltr'><strong><em>τοῦ</em></strong></span> <span class='ocrx_word' id='word_1_64' title='bbox 1069 955 1250 1042; x_wconf 70' lang='grc' dir='ltr'><strong><em>ίαλωκότος</em></strong></span> <span class='ocrx_word' id='word_1_65' title='bbox 1280 967 1381 1046; x_wconf 78' lang='grc' dir='ltr'><strong><em>πατρὶ</em></strong></span> <span class='ocrx_word' id='word_1_66' title='bbox 1435 959 1436 1012; x_wconf 60' lang='lat'>6</span> 
     </span>
     <span class='ocr_line' id='line_1_8' title="bbox 267 1057 1380 1147; baseline 0.004 -24"><span class='ocrx_word' id='word_1_67' title='bbox 267 1057 406 1145; x_wconf 73' lang='grc' dir='ltr'><strong><em>Ὑρκανοῖ</em></strong></span> <span class='ocrx_word' id='word_1_68' title='bbox 428 1059 464 1124; x_wconf 86' lang='grc' dir='ltr'><strong>οό</strong></span> <span class='ocrx_word' id='word_1_69' title='bbox 485 1061 573 1143; x_wconf 84' lang='grc' dir='ltr'><strong>μάλα</strong></span> <span class='ocrx_word' id='word_1_70' title='bbox 594 1087 626 1126; x_wconf 90' lang='grc' dir='ltr'><strong><em>τι</em></strong></span> <span class='ocrx_word' id='word_1_71' title='bbox 650 1061 776 1128; x_wconf 85' lang='grc' dir='ltr'><strong><em>ἀνεκτόν</em></strong></span> <span class='ocrx_word' id='word_1_72' title='bbox 797 1064 973 1147; x_wconf 71' lang='grc' dir='ltr'><strong><em>ἐνομίσθη,</em></strong></span> <span class='ocrx_word' id='word_1_73' title='bbox 998 1062 1066 1128; x_wconf 81' lang='grc' dir='ltr'><strong><em>ἀλλ’</em></strong></span> <span class='ocrx_word' id='word_1_74' title='bbox 1090 1065 1210 1130; x_wconf 78' lang='grc' dir='ltr'><strong><em>οἰκείου</em></strong></span> <span class='ocrx_word' id='word_1_75' title='bbox 1232 1069 1380 1130; x_wconf 70' lang='grc' dir='ltr'><strong><em>θανάτου</em></strong></span> 
     </span>
     <span class='ocr_line' id='line_1_9' title="bbox 268 1157 1382 1285; baseline 0.003 -62"><span class='ocrx_word' id='word_1_76' title='bbox 268 1160 352 1243; x_wconf 79' lang='grc' dir='ltr'><strong><em>μηδὲ</em></strong></span> <span class='ocrx_word' id='word_1_77' title='bbox 370 1160 479 1245; x_wconf 81' lang='grc' dir='ltr'><strong><em>βραχό</em></strong></span> <span class='ocrx_word' id='word_1_78' title='bbox 499 1185 529 1224; x_wconf 87' lang='grc' dir='ltr'><strong><em>τι</em></strong></span> <span class='ocrx_word' id='word_1_79' title='bbox 549 1160 707 1238; x_wconf 87' lang='grc' dir='ltr'><strong><em>ἀπεοικός,</em></strong></span> <span class='ocrx_word' id='word_1_80' title='bbox 728 1159 778 1228; x_wconf 81' lang='grc' dir='ltr'><strong><em>ὅτι</em></strong></span> <span class='ocrx_word' id='word_1_81' title='bbox 797 1161 852 1227; x_wconf 90' lang='grc' dir='ltr'><strong><em>τόν</em></strong></span> <span class='ocrx_word' id='word_1_82' title='bbox 874 1161 944 1228; x_wconf 78' lang='grc' dir='ltr'><strong><em>υἱόν</em></strong></span> <span class='ocrx_word' id='word_1_83' title='bbox 964 1165 1138 1285; x_wconf 84' lang='grc' dir='ltr'><strong><em>ἐζημίωται</em></strong></span> <span class='ocrx_word' id='word_1_84' title='bbox 1157 1164 1229 1247; x_wconf 86' lang='grc' dir='ltr'><strong><em>με’ν,</em></strong></span> <span class='ocrx_word' id='word_1_85' title='bbox 1253 1159 1314 1252; x_wconf 71' lang='grc' dir='ltr'><strong>ἀφ’</strong></span> <span class='ocrx_word' id='word_1_86' title='bbox 1337 1157 1382 1229; x_wconf 78' lang='grc' dir='ltr'><strong>ὧν</strong></span> 
     </span>
     <span class='ocr_line' id='line_1_10' title="bbox 272 1257 1436 1351; baseline 0.004 -27"><span class='ocrx_word' id='word_1_87' title='bbox 272 1262 300 1324; x_wconf 85' lang='lat'>6&#39;</span> <span class='ocrx_word' id='word_1_88' title='bbox 323 1257 378 1323; x_wconf 77' lang='grc' dir='ltr'><strong><em>οὐκ</em></strong></span> <span class='ocrx_word' id='word_1_89' title='bbox 402 1259 579 1346; x_wconf 71' lang='grc' dir='ltr'><strong><em>η’σθάνετο·</em></strong></span> <span class='ocrx_word' id='word_1_90' title='bbox 609 1263 773 1347; x_wconf 85' lang='grc' dir='ltr'><strong><em>εικασμοῖς</em></strong></span> <span class='ocrx_word' id='word_1_91' title='bbox 792 1263 852 1348; x_wconf 77' lang='grc' dir='ltr'><strong><em>γάρ</em></strong></span> <span class='ocrx_word' id='word_1_92' title='bbox 873 1289 939 1330; x_wconf 89' lang='grc' dir='ltr'><strong><em>τισι</em></strong></span> <span class='ocrx_word' id='word_1_93' title='bbox 960 1264 1016 1329; x_wconf 79' lang='grc' dir='ltr'><strong><em>καί</em></strong></span> <span class='ocrx_word' id='word_1_94' title='bbox 1037 1273 1234 1348; x_wconf 81' lang='grc' dir='ltr'><strong><em>στοχασμοῖς</em></strong></span> <span class='ocrx_word' id='word_1_95' title='bbox 1257 1267 1436 1351; x_wconf 76' lang='grc' dir='ltr'><strong><em>διαφό-</em></strong></span> 
     </span>
     <span class='ocr_line' id='line_1_11' title="bbox 272 1361 1416 1487; baseline 0.007 -63"><span class='ocrx_word' id='word_1_96' title='bbox 272 1384 338 1446; x_wconf 90' lang='grc' dir='ltr'><strong><em>ροις</em></strong></span> <span class='ocrx_word' id='word_1_97' title='bbox 359 1361 501 1447; x_wconf 86' lang='grc' dir='ltr'><strong><em>μερίζων</em></strong></span> <span class='ocrx_word' id='word_1_98' title='bbox 520 1361 592 1442; x_wconf 85' lang='grc' dir='ltr'><strong>τούς</strong></span> <span class='ocrx_word' id='word_1_99' title='bbox 624 1366 814 1487; x_wconf 80' lang='grc' dir='ltr'><strong><em>λομισμρός,</em></strong></span> <span class='ocrx_word' id='word_1_100' title='bbox 820 1365 980 1450; x_wconf 81' lang='grc' dir='ltr'><strong><em>μετέωρον</em></strong></span> <span class='ocrx_word' id='word_1_101' title='bbox 1011 1371 1165 1448; x_wconf 81' lang='grc' dir='ltr'><strong><em>παρεῖχεν</em></strong></span> <span class='ocrx_word' id='word_1_102' title='bbox 1189 1365 1294 1449; x_wconf 71' lang='grc' dir='ltr'><strong><em>ἀκοὴν</em></strong></span> <span class='ocrx_word' id='word_1_103' title='bbox 1313 1375 1381 1440; x_wconf 85' lang='grc' dir='ltr'><strong><em>τοῖς</em></strong></span> <span class='ocrx_word' id='word_1_104' title='bbox 1391 1381 1416 1432; x_wconf 80' lang='lat' dir='ltr'><strong>tt)</strong></span> 
     </span>
    </p>

    <p class='ocr_par' dir='ltr' id='par_1_5' title="bbox 202 1457 1436 1951">
     <span class='ocr_line' id='line_1_12' title="bbox 202 1457 1436 1586; baseline 0.002 -59"><span class='ocrx_word' id='word_1_105' title='bbox 202 1457 374 1528; x_wconf 55' lang='lat' dir='ltr'><strong>sacillo?</strong></span> <span class='ocrx_word' id='word_1_106' title='bbox 399 1459 480 1528; x_wconf 84' lang='grc' dir='ltr'><strong><em>ἀλλα</em></strong></span> <span class='ocrx_word' id='word_1_107' title='bbox 502 1466 693 1586; x_wconf 77' lang='grc' dir='ltr'><strong><em>θρυλλρῦσι</em></strong></span> <span class='ocrx_word' id='word_1_108' title='bbox 709 1463 808 1586; x_wconf 80' lang='grc' dir='ltr'><strong><em>μέχρι</em></strong></span> <span class='ocrx_word' id='word_1_109' title='bbox 828 1468 955 1530; x_wconf 79' lang='grc' dir='ltr'><strong><em>πολλοῦ.</em></strong></span> <span class='ocrx_word' id='word_1_110' title='bbox 999 1465 1061 1546; x_wconf 81' lang='grc' dir='ltr'><strong>ἀψὲ</strong></span> <span class='ocrx_word' id='word_1_111' title='bbox 1075 1463 1119 1530; x_wconf 78' lang='grc' dir='ltr'><strong>ἀὲ</strong></span> <span class='ocrx_word' id='word_1_112' title='bbox 1143 1461 1366 1543; x_wconf 72' lang='grc' dir='ltr'><strong><em>Φωκαίας</em></strong></span> <span class='ocrx_word' id='word_1_113' title='bbox 1333 1490 1378 1530; x_wconf 87' lang='grc' dir='ltr'><strong>ει-</strong></span> <span class='ocrx_word' id='word_1_114' title='bbox 1435 1469 1436 1474; x_wconf 67' lang='grc'>’</span> 
     </span>
     <span class='ocr_line' id='line_1_13' title="bbox 270 1562 1436 1652; baseline -0.001 -22"><span class='ocrx_word' id='word_1_115' title='bbox 270 1589 324 1630; x_wconf 91' lang='grc' dir='ltr'><strong>ναι</strong></span> <span class='ocrx_word' id='word_1_116' title='bbox 345 1565 545 1648; x_wconf 71' lang='grc' dir='ltr'><strong><em>πεπυσμένος</em></strong></span> <span class='ocrx_word' id='word_1_117' title='bbox 565 1564 638 1640; x_wconf 84' lang='grc' dir='ltr'><strong>τούς</strong></span> <span class='ocrx_word' id='word_1_118' title='bbox 660 1562 712 1630; x_wconf 90' lang='grc' dir='ltr'><strong><em>τόν</em></strong></span> <span class='ocrx_word' id='word_1_119' title='bbox 734 1565 804 1630; x_wconf 80' lang='grc' dir='ltr'><strong><em>υἱόν</em></strong></span> <span class='ocrx_word' id='word_1_120' title='bbox 817 1566 1023 1652; x_wconf 83' lang='grc' dir='ltr'><strong><em>ἀρπάσαντας</em></strong></span> <span class='ocrx_word' id='word_1_121' title='bbox 1039 1565 1201 1652; x_wconf 84' lang='grc' dir='ltr'><strong><em>πειρατός,</em></strong></span> <span class='ocrx_word' id='word_1_122' title='bbox 1224 1592 1281 1632; x_wconf 89' lang='grc' dir='ltr'><strong><em>και</em></strong></span> <span class='ocrx_word' id='word_1_123' title='bbox 1304 1568 1377 1631; x_wconf 85' lang='grc' dir='ltr'><strong><em>τοί-</em></strong></span> <span class='ocrx_word' id='word_1_124' title='bbox 1435 1591 1436 1646; x_wconf 69' lang='lat' dir='ltr'>f</span> 
     </span>
     <span class='ocr_line' id='line_1_14' title="bbox 268 1663 1376 1786; baseline 0.003 -57"><span class='ocrx_word' id='word_1_125' title='bbox 268 1689 342 1741; x_wconf 88' lang='grc' dir='ltr'><strong><em>τους</em></strong></span> <span class='ocrx_word' id='word_1_126' title='bbox 359 1663 538 1748; x_wconf 86' lang='grc' dir='ltr'><strong><em>Ῥωμαίους</em></strong></span> <span class='ocrx_word' id='word_1_127' title='bbox 557 1664 626 1748; x_wconf 85' lang='grc' dir='ltr'><strong><em>μέν,</em></strong></span> <span class='ocrx_word' id='word_1_128' title='bbox 649 1667 683 1729; x_wconf 82' lang='grc' dir='ltr'><strong><em>ἐκ</em></strong></span> <span class='ocrx_word' id='word_1_129' title='bbox 707 1667 735 1730; x_wconf 83' lang='grc' dir='ltr'><strong>δ’</strong></span> <span class='ocrx_word' id='word_1_130' title='bbox 752 1665 933 1786; x_wconf 76' lang='grc' dir='ltr'><strong>ἀλλοδαπῆς</strong></span> <span class='ocrx_word' id='word_1_131' title='bbox 946 1667 1029 1744; x_wconf 86' lang='grc' dir='ltr'><strong><em>τινός</em></strong></span> <span class='ocrx_word' id='word_1_132' title='bbox 1049 1668 1104 1732; x_wconf 87' lang='grc' dir='ltr'><strong><em>καί</em></strong></span> <span class='ocrx_word' id='word_1_133' title='bbox 1123 1668 1376 1753; x_wconf 71' lang='grc' dir='ltr'><strong><em>μιξοβαρβάροτ</em></strong></span> 
     </span>
     <span class='ocr_line' id='line_1_15' title="bbox 268 1763 1436 1884; baseline 0.001 -55"><span class='ocrx_word' id='word_1_134' title='bbox 268 1764 324 1882; x_wconf 68' lang='grc' dir='ltr'><strong>της</strong></span> <span class='ocrx_word' id='word_1_135' title='bbox 343 1764 465 1884; x_wconf 75' lang='grc' dir='ltr'><strong><em>χιόρος,</em></strong></span> <span class='ocrx_word' id='word_1_136' title='bbox 488 1765 543 1830; x_wconf 81' lang='grc' dir='ltr'><strong><em>καί</em></strong></span> <span class='ocrx_word' id='word_1_137' title='bbox 564 1765 636 1849; x_wconf 80' lang='grc' dir='ltr'><strong><em>μήτ’</em></strong></span> <span class='ocrx_word' id='word_1_138' title='bbox 653 1765 686 1828; x_wconf 84' lang='grc' dir='ltr'><strong><em>ἐκ</em></strong></span> <span class='ocrx_word' id='word_1_139' title='bbox 708 1763 907 1850; x_wconf 70' lang='grc' dir='ltr'><strong><em>θαλάττης”</em></strong></span> <span class='ocrx_word' id='word_1_140' title='bbox 887 1789 971 1846; x_wconf 80' lang='grc' dir='ltr'><strong><em>εχων</em></strong></span> <span class='ocrx_word' id='word_1_141' title='bbox 991 1766 1062 1852; x_wconf 75' lang='grc' dir='ltr'><strong><em>μήτ’</em></strong></span> <span class='ocrx_word' id='word_1_142' title='bbox 1084 1769 1117 1842; x_wconf 78' lang='grc' dir='ltr'><strong>ἔξ</strong></span> <span class='ocrx_word' id='word_1_143' title='bbox 1138 1765 1278 1850; x_wconf 76' lang='grc' dir='ltr'><strong><em>ἠπείρου</em></strong></span> <span class='ocrx_word' id='word_1_144' title='bbox 1305 1766 1376 1844; x_wconf 53' lang='lat' dir='ltr'><strong>soie</strong></span> <span class='ocrx_word' id='word_1_145' title='bbox 1435 1779 1436 1790; x_wconf 62' lang='lat'>¹</span> 
     </span>
     <span class='ocr_line' id='line_1_16' title="bbox 267 1861 1436 1988; baseline 0.001 -60"><span class='ocrx_word' id='word_1_146' title='bbox 267 1861 321 1928; x_wconf 89' lang='grc' dir='ltr'><strong><em>τόν</em></strong></span> <span class='ocrx_word' id='word_1_147' title='bbox 341 1861 412 1929; x_wconf 77' lang='grc' dir='ltr'><strong><em>υἱόν</em></strong></span> <span class='ocrx_word' id='word_1_148' title='bbox 433 1863 639 1949; x_wconf 78' lang='grc' dir='ltr'><strong><em>κεκτημένους</em></strong></span> <span class='ocrx_word' id='word_1_149' title='bbox 660 1863 854 1988; x_wconf 71' lang='grc' dir='ltr'><strong><em>ἀμόκασθαι,</em></strong></span> <span class='ocrx_word' id='word_1_150' title='bbox 878 1863 959 1951; x_wconf 87' lang='grc' dir='ltr'><strong><em>πρός</em></strong></span> <span class='ocrx_word' id='word_1_151' title='bbox 979 1866 1076 1948; x_wconf 87' lang='grc' dir='ltr'><strong><em>μόνον</em></strong></span> <span class='ocrx_word' id='word_1_152' title='bbox 1097 1863 1265 1986; x_wconf 75' lang='grc' dir='ltr'><strong>ΙἔβλεψεΙ</strong></span> <span class='ocrx_word' id='word_1_153' title='bbox 1232 1890 1290 1929; x_wconf 85' lang='grc' dir='ltr'><strong><em>τον</em></strong></span> <span class='ocrx_word' id='word_1_154' title='bbox 1312 1869 1436 1948; x_wconf 66' lang='lat' dir='ltr'><strong>das-15</strong></span> 
     </span>
    </p>
   </div>
   <div class='ocr_carea' id='block_1_5' title="bbox 201 1961 1436 2584">
    <p class='ocr_par' dir='ltr' id='par_1_6' title="bbox 207 1961 1436 2353">
     <span class='ocr_line' id='line_1_17' title="bbox 207 1961 1376 2090; baseline -0.002 -60"><span class='ocrx_word' id='word_1_155' title='bbox 207 2017 217 2040; x_wconf 56' lang='lat'>2</span> <span class='ocrx_word' id='word_1_156' title='bbox 269 1965 380 2043; x_wconf 82' lang='lat' dir='ltr'><strong>otia&#39;a,</strong></span> <span class='ocrx_word' id='word_1_157' title='bbox 411 1967 466 2032; x_wconf 79' lang='grc' dir='ltr'><strong><em>καί</em></strong></span> <span class='ocrx_word' id='word_1_158' title='bbox 486 1965 583 2052; x_wconf 88' lang='grc' dir='ltr'><strong><em>τοότω</em></strong></span> <span class='ocrx_word' id='word_1_159' title='bbox 603 1966 758 2052; x_wconf 78' lang='grc' dir='ltr'><strong><em>παρέχειν</em></strong></span> <span class='ocrx_word' id='word_1_160' title='bbox 779 1965 852 2032; x_wconf 82' lang='lat' dir='ltr'><strong>6iot¹</strong></span> <span class='ocrx_word' id='word_1_161' title='bbox 874 1961 988 2030; x_wconf 87' lang='grc' dir='ltr'><strong><em>εαυτόν</em></strong></span> <span class='ocrx_word' id='word_1_162' title='bbox 1021 1965 1175 2090; x_wconf 76' lang='grc' dir='ltr'><strong><em>ἀσμένως</em></strong></span> <span class='ocrx_word' id='word_1_163' title='bbox 1185 1963 1376 2088; x_wconf 70' lang='grc' dir='ltr'><strong><em>ὑπισχνεῖτο</em></strong></span> 
     </span>
     <span class='ocr_line' id='line_1_18' title="bbox 270 2063 1436 2153; baseline 0 -23"><span class='ocrx_word' id='word_1_164' title='bbox 270 2066 415 2151; x_wconf 83' lang='grc' dir='ltr'><strong><em>φιλοντε</em></strong></span> <span class='ocrx_word' id='word_1_165' title='bbox 448 2065 610 2153; x_wconf 78' lang='grc' dir='ltr'><strong><em>ἀκραιφνῆ</em></strong></span> <span class='ocrx_word' id='word_1_166' title='bbox 638 2065 694 2130; x_wconf 78' lang='grc' dir='ltr'><strong><em>καί</em></strong></span> <span class='ocrx_word' id='word_1_167' title='bbox 726 2067 895 2151; x_wconf 72' lang='grc' dir='ltr'><strong><em>πρόθυμον</em></strong></span> <span class='ocrx_word' id='word_1_168' title='bbox 926 2064 1083 2153; x_wconf 74' lang='grc' dir='ltr'><strong><em>ὑπηρέτην</em></strong></span> <span class='ocrx_word' id='word_1_169' title='bbox 1114 2063 1195 2150; x_wconf 84' lang='grc' dir='ltr'><strong><em>πρός</em></strong></span> <span class='ocrx_word' id='word_1_170' title='bbox 1228 2063 1318 2130; x_wconf 79' lang='grc' dir='ltr'><strong><em>ἅπαν</em></strong></span> <span class='ocrx_word' id='word_1_171' title='bbox 1339 2067 1376 2130; x_wconf 82' lang='grc' dir='ltr'><strong><em>τό</em></strong></span> <span class='ocrx_word' id='word_1_172' title='bbox 1435 2079 1436 2150; x_wconf 61' lang='grc' dir='ltr'>ζ</span> 
     </span>
     <span class='ocr_line' id='line_1_19' title="bbox 267 2159 1436 2252; baseline 0.002 -24"><span class='ocrx_word' id='word_1_173' title='bbox 267 2166 558 2249; x_wconf 87' lang='grc' dir='ltr'><strong><em>κελευόμενον,καί</em></strong></span> <span class='ocrx_word' id='word_1_174' title='bbox 578 2165 755 2252; x_wconf 80' lang='grc' dir='ltr'><strong><em>χρημάτων</em></strong></span> <span class='ocrx_word' id='word_1_175' title='bbox 781 2163 1084 2252; x_wconf 76' lang='grc' dir='ltr'><strong><em>ἀφθονονπαροχεά</em></strong></span> <span class='ocrx_word' id='word_1_176' title='bbox 1104 2169 1167 2230; x_wconf 76' lang='grc' dir='ltr'><strong><em>τῶν</em></strong></span> <span class='ocrx_word' id='word_1_177' title='bbox 1192 2165 1378 2250; x_wconf 76' lang='grc' dir='ltr'><strong><em>ἀνηκόντων</em></strong></span> <span class='ocrx_word' id='word_1_178' title='bbox 1435 2159 1436 2192; x_wconf 60' lang='lat'>¹</span> 
     </span>
     <span class='ocr_line' id='line_1_20' title="bbox 270 2264 1436 2353; baseline 0 -23"><span class='ocrx_word' id='word_1_179' title='bbox 270 2267 316 2342; x_wconf 78' lang='grc' dir='ltr'><strong>εἰς</strong></span> <span class='ocrx_word' id='word_1_180' title='bbox 333 2267 470 2353; x_wconf 87' lang='grc' dir='ltr'><strong><em>χρείαν,</em></strong></span> <span class='ocrx_word' id='word_1_181' title='bbox 501 2268 530 2330; x_wconf 80' lang='grc' dir='ltr'><strong>εἰ</strong></span> <span class='ocrx_word' id='word_1_182' title='bbox 551 2267 647 2348; x_wconf 90' lang='grc' dir='ltr'><strong><em>μόνον</em></strong></span> <span class='ocrx_word' id='word_1_183' title='bbox 670 2264 758 2350; x_wconf 74' lang='grc' dir='ltr'><strong><em>εὕροι</em></strong></span> <span class='ocrx_word' id='word_1_184' title='bbox 793 2267 884 2334; x_wconf 87' lang='grc' dir='ltr'><strong><em>λόσιν</em></strong></span> <span class='ocrx_word' id='word_1_185' title='bbox 904 2270 959 2334; x_wconf 83' lang='grc' dir='ltr'><strong><em>τοῦ</em></strong></span> <span class='ocrx_word' id='word_1_186' title='bbox 982 2269 1086 2332; x_wconf 76' lang='grc' dir='ltr'><strong><em>δεινοῦ</em></strong></span> <span class='ocrx_word' id='word_1_187' title='bbox 1105 2268 1161 2332; x_wconf 81' lang='grc' dir='ltr'>καί</span> <span class='ocrx_word' id='word_1_188' title='bbox 1187 2270 1294 2348; x_wconf 79' lang='grc' dir='ltr'><strong><em>ζῶντα</em></strong></span> <span class='ocrx_word' id='word_1_189' title='bbox 1318 2265 1376 2350; x_wconf 75' lang='grc' dir='ltr'><strong><em>τὴν</em></strong></span> <span class='ocrx_word' id='word_1_190' title='bbox 1435 2287 1436 2336; x_wconf 71' lang='lat' dir='ltr'><strong>t</strong></span> 
     </span>
    </p>

    <p class='ocr_par' dir='ltr' id='par_1_7' title="bbox 201 2365 1436 2488">
     <span class='ocr_line' id='line_1_21' title="bbox 201 2365 1436 2488; baseline 0.003 -62"><span class='ocrx_word' id='word_1_191' title='bbox 201 2367 421 2451; x_wconf 71' lang='grc' dir='ltr'><strong><em>ὅῧταχίστην</em></strong></span> <span class='ocrx_word' id='word_1_192' title='bbox 449 2366 543 2450; x_wconf 74' lang='grc' dir='ltr'><strong><em>λα’βοι</em></strong></span> <span class='ocrx_word' id='word_1_193' title='bbox 575 2365 628 2432; x_wconf 87' lang='grc' dir='ltr'><strong><em>τόν</em></strong></span> <span class='ocrx_word' id='word_1_194' title='bbox 659 2368 771 2432; x_wconf 77' lang='grc' dir='ltr'><strong><em>παῖδα.</em></strong></span> <span class='ocrx_word' id='word_1_195' title='bbox 826 2367 987 2454; x_wconf 78' lang='grc' dir='ltr'><strong><em>μετεώρου</em></strong></span> <span class='ocrx_word' id='word_1_196' title='bbox 1010 2391 1045 2454; x_wconf 79' lang='grc' dir='ltr'><strong>με</strong></span> <span class='ocrx_word' id='word_1_197' title='bbox 1062 2365 1125 2488; x_wconf 68' lang='grc' dir='ltr'><strong>μην</strong></span> <span class='ocrx_word' id='word_1_198' title='bbox 1146 2393 1202 2450; x_wconf 86' lang='grc' dir='ltr'><strong>της</strong></span> <span class='ocrx_word' id='word_1_199' title='bbox 1222 2367 1436 2452; x_wconf 63' lang='grc' dir='ltr'><strong><em>τοιαότηςηη</em></strong></span> 
     </span>
    </p>

    <p class='ocr_par' dir='ltr' id='par_1_8' title="bbox 221 2463 1436 2584">
     <span class='ocr_line' id='line_1_22' title="bbox 221 2463 1436 2584; baseline 0.002 -56"><span class='ocrx_word' id='word_1_200' title='bbox 221 2533 226 2542; x_wconf 62' lang='grc'><strong><em>,</em></strong></span> <span class='ocrx_word' id='word_1_201' title='bbox 272 2463 367 2551; x_wconf 75' lang='grc' dir='ltr'><strong><em>οὔσης</em></strong></span> <span class='ocrx_word' id='word_1_202' title='bbox 390 2468 561 2548; x_wconf 82' lang='grc' dir='ltr'><strong><em>ἀσχολίας,</em></strong></span> <span class='ocrx_word' id='word_1_203' title='bbox 582 2468 733 2534; x_wconf 77' lang='grc' dir='ltr'><strong><em>τεθναναι</em></strong></span> <span class='ocrx_word' id='word_1_204' title='bbox 752 2467 830 2544; x_wconf 77' lang='grc' dir='ltr'><strong><em>τέως</em></strong></span> <span class='ocrx_word' id='word_1_205' title='bbox 865 2469 981 2554; x_wconf 82' lang='grc' dir='ltr'><strong><em>συνέβη</em></strong></span> <span class='ocrx_word' id='word_1_206' title='bbox 1003 2467 1058 2532; x_wconf 76' lang='grc' dir='ltr'><strong><em>καί</em></strong></span> <span class='ocrx_word' id='word_1_207' title='bbox 1078 2470 1132 2533; x_wconf 87' lang='grc' dir='ltr'><strong><em>τόν</em></strong></span> <span class='ocrx_word' id='word_1_208' title='bbox 1153 2467 1436 2584; x_wconf 83' lang='grc' dir='ltr'><strong><em>πρεοβότερον</em></strong></span> <span class='ocrx_word' id='word_1_209' title='bbox 1435 2519 1436 2530; x_wconf 67' lang='grc'><strong><em>,</em></strong></span> 
     </span>
    </p>
   </div>
   <div class='ocr_carea' id='block_1_6' title="bbox 138 2561 1436 2656">
    <p class='ocr_par' dir='ltr' id='par_1_9' title="bbox 138 2561 1436 2656">
     <span class='ocr_line' id='line_1_23' title="bbox 138 2561 1436 2656; baseline 0.002 -26"><span class='ocrx_word' id='word_1_210' title='bbox 138 2576 160 2631; x_wconf 89' lang='lat' dir='ltr'><strong>l.</strong></span> <span class='ocrx_word' id='word_1_211' title='bbox 170 2573 260 2630; x_wconf 78' lang='lat' dir='ltr'><strong>ttae</strong></span> <span class='ocrx_word' id='word_1_212' title='bbox 270 2591 331 2632; x_wconf 88' lang='grc' dir='ltr'><strong><em>των</em></strong></span> <span class='ocrx_word' id='word_1_213' title='bbox 347 2565 498 2656; x_wconf 83' lang='grc' dir='ltr'><strong><em>Ὑρκανοῦ</em></strong></span> <span class='ocrx_word' id='word_1_214' title='bbox 521 2567 695 2649; x_wconf 74' lang='grc' dir='ltr'><strong><em>παί“όων,</em></strong></span> <span class='ocrx_word' id='word_1_215' title='bbox 677 2593 713 2634; x_wconf 93' lang='grc' dir='ltr'><strong>ον</strong></span> <span class='ocrx_word' id='word_1_216' title='bbox 732 2595 785 2634; x_wconf 93' lang='grc' dir='ltr'><strong><em>και</em></strong></span> <span class='ocrx_word' id='word_1_217' title='bbox 822 2570 1010 2652; x_wconf 84' lang='grc' dir='ltr'><strong><em>όιάόοχον</em></strong></span> <span class='ocrx_word' id='word_1_218' title='bbox 995 2573 1159 2654; x_wconf 86' lang='grc' dir='ltr'><strong><em>εταμίευεν</em></strong></span> <span class='ocrx_word' id='word_1_219' title='bbox 1179 2561 1300 2634; x_wconf 73' lang='grc' dir='ltr'><strong><em>ἑαυτου</em></strong></span> <span class='ocrx_word' id='word_1_220' title='bbox 1319 2593 1374 2632; x_wconf 85' lang='grc' dir='ltr'><strong><em>και</em></strong></span> <span class='ocrx_word' id='word_1_221' title='bbox 1435 2647 1436 2654; x_wconf 14' lang='lat'>¹</span> 
     </span>
    </p>
   </div>
   <div class='ocr_carea' id='block_1_7' title="bbox 265 2863 1436 4290">
    <p class='ocr_par' dir='ltr' id='par_1_10' title="bbox 265 2863 1436 4290">
     <span class='ocr_line' id='line_1_24' title="bbox 270 2863 1375 2937; baseline -0.001 -19"><span class='ocrx_word' id='word_1_222' title='bbox 270 2864 337 2919; x_wconf 91' lang='lat' dir='ltr'><strong>libet</strong></span> <span class='ocrx_word' id='word_1_223' title='bbox 354 2863 408 2919; x_wconf 85' lang='lat' dir='ltr'><strong>alia</strong></span> <span class='ocrx_word' id='word_1_224' title='bbox 428 2873 455 2919; x_wconf 85' lang='lat' dir='ltr'><strong>ct</strong></span> <span class='ocrx_word' id='word_1_225' title='bbox 471 2881 521 2934; x_wconf 83' lang='lat' dir='ltr'><strong>per</strong></span> <span class='ocrx_word' id='word_1_226' title='bbox 537 2865 636 2922; x_wconf 85' lang='lat' dir='ltr'><strong>nultos</strong></span> <span class='ocrx_word' id='word_1_227' title='bbox 654 2881 738 2922; x_wconf 82' lang='grc' dir='ltr'><strong><em>τουσι</em></strong></span> <span class='ocrx_word' id='word_1_228' title='bbox 757 2881 790 2920; x_wconf 90' lang='lat' dir='ltr'><strong>ac</strong></span> <span class='ocrx_word' id='word_1_229' title='bbox 808 2867 915 2937; x_wconf 84' lang='lat' dir='ltr'><strong>quisita.</strong></span> <span class='ocrx_word' id='word_1_230' title='bbox 960 2881 1043 2937; x_wconf 78' lang='lat' dir='ltr'><strong>quere</strong></span> <span class='ocrx_word' id='word_1_231' title='bbox 1061 2863 1230 2935; x_wconf 83' lang='lat' dir='ltr'><strong>quambene</strong></span> <span class='ocrx_word' id='word_1_232' title='bbox 1248 2877 1375 2933; x_wconf 74' lang='lat' dir='ltr'><strong>cognos-</strong></span> 
     </span>
     <span class='ocr_line' id='line_1_25' title="bbox 268 2935 1374 3006; baseline -0.004 -14"><span class='ocrx_word' id='word_1_233' title='bbox 268 2945 311 2992; x_wconf 83' lang='lat' dir='ltr'><strong>tet</strong></span> <span class='ocrx_word' id='word_1_234' title='bbox 330 2935 379 2990; x_wconf 80' lang='lat' dir='ltr'><strong>illa</strong></span> <span class='ocrx_word' id='word_1_235' title='bbox 397 2939 512 3006; x_wconf 75' lang='lat' dir='ltr'><strong>praedae</strong></span> <span class='ocrx_word' id='word_1_236' title='bbox 530 2939 644 3006; x_wconf 84' lang='lat' dir='ltr'><strong>pretium</strong></span> <span class='ocrx_word' id='word_1_237' title='bbox 664 2938 741 2991; x_wconf 90' lang='lat' dir='ltr'><strong>illico</strong></span> <span class='ocrx_word' id='word_1_238' title='bbox 768 2954 829 2992; x_wconf 86' lang='lat' dir='ltr'><strong>rese</strong></span> <span class='ocrx_word' id='word_1_239' title='bbox 855 2945 962 3006; x_wconf 81' lang='lat' dir='ltr'><strong>practer</strong></span> <span class='ocrx_word' id='word_1_240' title='bbox 980 2937 1127 2991; x_wconf 76' lang='lat' dir='ltr'>Phocaeam</span> <span class='ocrx_word' id='word_1_241' title='bbox 1145 2937 1250 2988; x_wconf 87' lang='lat' dir='ltr'><strong>domum</strong></span> <span class='ocrx_word' id='word_1_242' title='bbox 1269 2944 1374 2988; x_wconf 86' lang='lat' dir='ltr'><strong>contu.</strong></span> 
     </span>
     <span class='ocr_line' id='line_1_26' title="bbox 268 3007 1373 3076; baseline -0.003 -16"><span class='ocrx_word' id='word_1_243' title='bbox 268 3007 309 3061; x_wconf 92' lang='lat' dir='ltr'><strong>lit.</strong></span> <span class='ocrx_word' id='word_1_244' title='bbox 354 3011 417 3062; x_wconf 87' lang='lat' dir='ltr'><strong>urbs</strong></span> <span class='ocrx_word' id='word_1_245' title='bbox 448 3017 536 3062; x_wconf 85' lang='lat' dir='ltr'><strong>autam</strong></span> <span class='ocrx_word' id='word_1_246' title='bbox 561 3009 623 3062; x_wconf 92' lang='lat' dir='ltr'><strong>olim</strong></span> <span class='ocrx_word' id='word_1_247' title='bbox 650 3010 812 3076; x_wconf 84' lang='lat' dir='ltr'><strong>llellenica‚</strong></span> <span class='ocrx_word' id='word_1_248' title='bbox 832 3026 902 3062; x_wconf 91' lang='lat' dir='ltr'><strong>nunc</strong></span> <span class='ocrx_word' id='word_1_249' title='bbox 923 3025 989 3062; x_wconf 83' lang='lat' dir='ltr'><strong>vero</strong></span> <span class='ocrx_word' id='word_1_250' title='bbox 1007 3009 1126 3062; x_wconf 77' lang='lat' dir='ltr'><strong>barbaris</strong></span> <span class='ocrx_word' id='word_1_251' title='bbox 1146 3007 1286 3060; x_wconf 80' lang='lat' dir='ltr'><strong>tributaria</strong></span> <span class='ocrx_word' id='word_1_252' title='bbox 1309 3016 1373 3058; x_wconf 83' lang='lat' dir='ltr'><strong>uta</strong></span> 
     </span>
     <span class='ocr_line' id='line_1_27' title="bbox 268 3081 1373 3148; baseline -0.002 -17"><span class='ocrx_word' id='word_1_253' title='bbox 268 3081 364 3132; x_wconf 84' lang='lat' dir='ltr'><strong>timore</strong></span> <span class='ocrx_word' id='word_1_254' title='bbox 385 3091 412 3134; x_wconf 88' lang='lat' dir='ltr'><strong>et</strong></span> <span class='ocrx_word' id='word_1_255' title='bbox 430 3081 550 3148; x_wconf 81' lang='lat' dir='ltr'><strong>periculo</strong></span> <span class='ocrx_word' id='word_1_256' title='bbox 568 3097 664 3136; x_wconf 79' lang='lat' dir='ltr'><strong>secura</strong></span> <span class='ocrx_word' id='word_1_257' title='bbox 688 3097 762 3136; x_wconf 85' lang='lat' dir='ltr'><strong>esse</strong></span> <span class='ocrx_word' id='word_1_258' title='bbox 768 3089 878 3148; x_wconf 85' lang='lat' dir='ltr'><strong>posset,</strong></span> <span class='ocrx_word' id='word_1_259' title='bbox 900 3082 951 3135; x_wconf 85' lang='lat' dir='ltr'><strong>sittt</strong></span> <span class='ocrx_word' id='word_1_260' title='bbox 976 3090 1016 3132; x_wconf 87' lang='lat' dir='ltr'><strong>est</strong></span> <span class='ocrx_word' id='word_1_261' title='bbox 1040 3081 1067 3132; x_wconf 92' lang='lat' dir='ltr'><strong>in</strong></span> <span class='ocrx_word' id='word_1_262' title='bbox 1088 3081 1287 3148; x_wconf 83' lang='lat' dir='ltr'><strong>promontorio·</strong></span> <span class='ocrx_word' id='word_1_263' title='bbox 1294 3081 1373 3130; x_wconf 77' lang='lat' dir='ltr'><strong>sinus</strong></span> 
     </span>
     <span class='ocr_line' id='line_1_28' title="bbox 268 3149 1371 3221; baseline -0.003 -18"><span class='ocrx_word' id='word_1_264' title='bbox 268 3153 402 3216; x_wconf 73' lang='lat' dir='ltr'><strong>maritimi,</strong></span> <span class='ocrx_word' id='word_1_265' title='bbox 423 3154 450 3204; x_wconf 91' lang='lat' dir='ltr'><strong>in</strong></span> <span class='ocrx_word' id='word_1_266' title='bbox 469 3152 608 3205; x_wconf 78' lang='lat' dir='ltr'><strong>Aeolidem</strong></span> <span class='ocrx_word' id='word_1_267' title='bbox 630 3161 726 3205; x_wconf 85' lang='lat' dir='ltr'><strong>terram</strong></span> <span class='ocrx_word' id='word_1_268' title='bbox 745 3153 904 3221; x_wconf 71' lang='lat' dir='ltr'><strong>longissime</strong></span> <span class='ocrx_word' id='word_1_269' title='bbox 922 3154 1083 3205; x_wconf 67' lang='lat' dir='ltr'><strong>incurrentia</strong></span> <span class='ocrx_word' id='word_1_270' title='bbox 1102 3158 1130 3202; x_wconf 85' lang='lat' dir='ltr'><strong>et</strong></span> <span class='ocrx_word' id='word_1_271' title='bbox 1148 3152 1214 3203; x_wconf 85' lang='lat' dir='ltr'><strong>liner</strong></span> <span class='ocrx_word' id='word_1_272' title='bbox 1234 3149 1371 3218; x_wconf 68' lang='lat' dir='ltr'><strong>Lydorum</strong></span> 
     </span>
     <span class='ocr_line' id='line_1_29' title="bbox 268 3222 1370 3293; baseline -0.003 -19"><span class='ocrx_word' id='word_1_273' title='bbox 268 3231 356 3275; x_wconf 86' lang='lat' dir='ltr'><strong>terrac</strong></span> <span class='ocrx_word' id='word_1_274' title='bbox 376 3239 463 3290; x_wconf 83' lang='lat' dir='ltr'><strong>paene</strong></span> <span class='ocrx_word' id='word_1_275' title='bbox 491 3225 655 3293; x_wconf 84' lang='lat' dir='ltr'><strong>attingentis.</strong></span> <span class='ocrx_word' id='word_1_276' title='bbox 698 3225 742 3276; x_wconf 85' lang='lat' dir='ltr'><strong>cui</strong></span> <span class='ocrx_word' id='word_1_277' title='bbox 768 3226 827 3276; x_wconf 89' lang='lat' dir='ltr'><strong>urbi</strong></span> <span class='ocrx_word' id='word_1_278' title='bbox 847 3226 961 3292; x_wconf 82' lang='lat' dir='ltr'><strong>imperat</strong></span> <span class='ocrx_word' id='word_1_279' title='bbox 988 3226 1033 3292; x_wconf 89' lang='lat' dir='ltr'><strong>qui</strong></span> <span class='ocrx_word' id='word_1_280' title='bbox 1058 3239 1073 3274; x_wconf 84' lang='lat' dir='ltr'><strong>a</strong></span> <span class='ocrx_word' id='word_1_281' title='bbox 1101 3222 1280 3274; x_wconf 81' lang='lat' dir='ltr'><strong>Romanorum</strong></span> <span class='ocrx_word' id='word_1_282' title='bbox 1302 3237 1370 3290; x_wconf 83' lang='lat' dir='ltr'><strong>rege</strong></span> 
     </span>
     <span class='ocr_line' id='line_1_30' title="bbox 268 3293 1369 3364; baseline -0.001 -20"><span class='ocrx_word' id='word_1_283' title='bbox 268 3302 373 3345; x_wconf 87' lang='lat' dir='ltr'><strong>creatus</strong></span> <span class='ocrx_word' id='word_1_284' title='bbox 393 3301 420 3345; x_wconf 92' lang='lat' dir='ltr'><strong>et</strong></span> <span class='ocrx_word' id='word_1_285' title='bbox 438 3293 568 3360; x_wconf 75' lang='lat' dir='ltr'><strong>Byzantio</strong></span> <span class='ocrx_word' id='word_1_286' title='bbox 585 3298 680 3348; x_wconf 83' lang='lat' dir='ltr'><strong>missus</strong></span> <span class='ocrx_word' id='word_1_287' title='bbox 701 3297 736 3348; x_wconf 87' lang='lat' dir='ltr'><strong>sit</strong></span> <span class='ocrx_word' id='word_1_288' title='bbox 754 3297 780 3346; x_wconf 92' lang='lat' dir='ltr'><strong>in</strong></span> <span class='ocrx_word' id='word_1_289' title='bbox 801 3305 905 3363; x_wconf 83' lang='lat' dir='ltr'><strong>tempus</strong></span> <span class='ocrx_word' id='word_1_290' title='bbox 933 3303 1056 3364; x_wconf 86' lang='lat' dir='ltr'><strong>quantum</strong></span> <span class='ocrx_word' id='word_1_291' title='bbox 1074 3293 1124 3346; x_wconf 88' lang='lat' dir='ltr'><strong>illc</strong></span> <span class='ocrx_word' id='word_1_292' title='bbox 1143 3294 1276 3346; x_wconf 82' lang='lat' dir='ltr'><strong>statuerit.</strong></span> <span class='ocrx_word' id='word_1_293' title='bbox 1317 3293 1369 3344; x_wconf 84' lang='lat' dir='ltr'><strong>hoc</strong></span> 
     </span>
     <span class='ocr_line' id='line_1_31' title="bbox 267 3355 1369 3434; baseline -0.002 -18"><span class='ocrx_word' id='word_1_294' title='bbox 267 3379 334 3416; x_wconf 78' lang='lat' dir='ltr'><strong>vcro</strong></span> <span class='ocrx_word' id='word_1_295' title='bbox 353 3379 431 3432; x_wconf 87' lang='lat' dir='ltr'><strong>quum</strong></span> <span class='ocrx_word' id='word_1_296' title='bbox 451 3367 520 3432; x_wconf 84' lang='lat' dir='ltr'><strong>capti</strong></span> <span class='ocrx_word' id='word_1_297' title='bbox 546 3369 615 3434; x_wconf 85' lang='lat' dir='ltr'><strong>patri</strong></span> <span class='ocrx_word' id='word_1_298' title='bbox 641 3369 764 3434; x_wconf 81' lang='lat' dir='ltr'><strong>llyrcnno</strong></span> <span class='ocrx_word' id='word_1_299' title='bbox 783 3367 896 3420; x_wconf 87' lang='lat' dir='ltr'><strong>relatum</strong></span> <span class='ocrx_word' id='word_1_300' title='bbox 919 3375 990 3420; x_wconf 84' lang='lat' dir='ltr'><strong>esset</strong></span> <span class='ocrx_word' id='word_1_301' title='bbox 1012 3381 1065 3418; x_wconf 89' lang='lat' dir='ltr'><strong>nou</strong></span> <span class='ocrx_word' id='word_1_302' title='bbox 1089 3355 1258 3416; x_wconf 86' lang='lat' dir='ltr'><strong>tolerandum</strong></span> <span class='ocrx_word' id='word_1_303' title='bbox 1277 3365 1369 3414; x_wconf 85' lang='lat' dir='ltr'><strong>risum</strong></span> 
     </span>
     <span class='ocr_line' id='line_1_32' title="bbox 269 3435 1436 3505; baseline -0.001 -19"><span class='ocrx_word' id='word_1_304' title='bbox 269 3443 327 3499; x_wconf 85' lang='lat' dir='ltr'><strong>cst,</strong></span> <span class='ocrx_word' id='word_1_305' title='bbox 351 3437 398 3488; x_wconf 88' lang='lat' dir='ltr'><strong>sed</strong></span> <span class='ocrx_word' id='word_1_306' title='bbox 423 3437 560 3504; x_wconf 76' lang='lat' dir='ltr'><strong>dominer</strong></span> <span class='ocrx_word' id='word_1_307' title='bbox 579 3438 662 3492; x_wconf 83' lang='lat' dir='ltr'><strong>breve</strong></span> <span class='ocrx_word' id='word_1_308' title='bbox 688 3447 791 3505; x_wconf 85' lang='lat' dir='ltr'><strong>tempus</strong></span> <span class='ocrx_word' id='word_1_309' title='bbox 816 3447 920 3490; x_wconf 90' lang='lat' dir='ltr'><strong>mortuo</strong></span> <span class='ocrx_word' id='word_1_310' title='bbox 945 3452 999 3490; x_wconf 90' lang='lat' dir='ltr'><strong>non</strong></span> <span class='ocrx_word' id='word_1_311' title='bbox 1027 3436 1157 3488; x_wconf 81' lang='lat' dir='ltr'><strong>absimilis</strong></span> <span class='ocrx_word' id='word_1_312' title='bbox 1181 3450 1263 3503; x_wconf 86' lang='lat' dir='ltr'><strong>quum</strong></span> <span class='ocrx_word' id='word_1_313' title='bbox 1282 3435 1369 3486; x_wconf 83' lang='lat' dir='ltr'><strong>lilium</strong></span> <span class='ocrx_word' id='word_1_314' title='bbox 1435 3487 1436 3502; x_wconf 25' lang='grc' dir='ltr'><strong><em>η</em></strong></span> 
     </span>
     <span class='ocr_line' id='line_1_33' title="bbox 268 3507 1369 3578; baseline -0.002 -20"><span class='ocrx_word' id='word_1_315' title='bbox 268 3515 371 3575; x_wconf 81' lang='lat' dir='ltr'><strong>ceptum</strong></span> <span class='ocrx_word' id='word_1_316' title='bbox 388 3508 503 3576; x_wconf 68' lang='lat' dir='ltr'><strong>quidem</strong></span> <span class='ocrx_word' id='word_1_317' title='bbox 528 3523 582 3561; x_wconf 89' lang='lat' dir='ltr'><strong>non</strong></span> <span class='ocrx_word' id='word_1_318' title='bbox 608 3523 672 3562; x_wconf 79' lang='lat' dir='ltr'><strong>vcro</strong></span> <span class='ocrx_word' id='word_1_319' title='bbox 694 3509 823 3578; x_wconf 86' lang='lat' dir='ltr'><strong>aquibus</strong></span> <span class='ocrx_word' id='word_1_320' title='bbox 848 3512 951 3574; x_wconf 83' lang='lat' dir='ltr'><strong>sciret,</strong></span> <span class='ocrx_word' id='word_1_321' title='bbox 978 3507 1219 3560; x_wconf 84' lang='lat' dir='ltr'><strong>coniectationibur</strong></span> <span class='ocrx_word' id='word_1_322' title='bbox 1239 3515 1268 3558; x_wconf 90' lang='lat' dir='ltr'><strong>et</strong></span> <span class='ocrx_word' id='word_1_323' title='bbox 1283 3508 1369 3558; x_wconf 81' lang='lat' dir='ltr'><strong>variis</strong></span> 
     </span>
     <span class='ocr_line' id='line_1_34' title="bbox 266 3578 1369 3646; baseline -0.003 -15"><span class='ocrx_word' id='word_1_324' title='bbox 266 3580 480 3646; x_wconf 78' lang='lat' dir='ltr'><strong>reputationibus</strong></span> <span class='ocrx_word' id='word_1_325' title='bbox 499 3589 613 3632; x_wconf 89' lang='lat' dir='ltr'><strong>mentem</strong></span> <span class='ocrx_word' id='word_1_326' title='bbox 632 3581 782 3633; x_wconf 69' lang='lat' dir='ltr'><strong>distrahere</strong></span> <span class='ocrx_word' id='word_1_327' title='bbox 802 3581 846 3632; x_wconf 90' lang='lat' dir='ltr'><strong>diu</strong></span> <span class='ocrx_word' id='word_1_328' title='bbox 865 3582 980 3632; x_wconf 83' lang='lat' dir='ltr'><strong>incertas</strong></span> <span class='ocrx_word' id='word_1_329' title='bbox 1009 3595 1087 3632; x_wconf 84' lang='lat' dir='ltr'><strong>aures</strong></span> <span class='ocrx_word' id='word_1_330' title='bbox 1106 3578 1246 3630; x_wconf 82' lang='lat' dir='ltr'><strong>ductunnti</strong></span> <span class='ocrx_word' id='word_1_331' title='bbox 1265 3579 1369 3630; x_wconf 81' lang='lat' dir='ltr'><strong>rumori</strong></span> 
     </span>
     <span class='ocr_line' id='line_1_35' title="bbox 267 3649 1368 3720; baseline -0.004 -18"><span class='ocrx_word' id='word_1_332' title='bbox 267 3651 398 3717; x_wconf 81' lang='lat' dir='ltr'><strong>praebuit,</strong></span> <span class='ocrx_word' id='word_1_333' title='bbox 420 3652 506 3703; x_wconf 88' lang='lat' dir='ltr'><strong>donec</strong></span> <span class='ocrx_word' id='word_1_334' title='bbox 524 3649 676 3705; x_wconf 84' lang='lat' dir='ltr'><strong>Phocenses</strong></span> <span class='ocrx_word' id='word_1_335' title='bbox 695 3654 793 3720; x_wconf 81' lang='lat' dir='ltr'><strong>piratas</strong></span> <span class='ocrx_word' id='word_1_336' title='bbox 813 3651 896 3704; x_wconf 90' lang='lat' dir='ltr'><strong>lilium</strong></span> <span class='ocrx_word' id='word_1_337' title='bbox 916 3653 1038 3717; x_wconf 79' lang='lat' dir='ltr'><strong>tepuisse</strong></span> <span class='ocrx_word' id='word_1_338' title='bbox 1056 3649 1243 3716; x_wconf 78' lang='lat' dir='ltr'><strong>competierat,</strong></span> <span class='ocrx_word' id='word_1_339' title='bbox 1263 3663 1368 3717; x_wconf 80' lang='lat' dir='ltr'><strong>cosque</strong></span> 
     </span>
     <span class='ocr_line' id='line_1_36' title="bbox 268 3721 1369 3792; baseline -0.003 -19"><span class='ocrx_word' id='word_1_340' title='bbox 268 3736 328 3773; x_wconf 85' lang='lat' dir='ltr'><strong>esre</strong></span> <span class='ocrx_word' id='word_1_341' title='bbox 353 3722 484 3774; x_wconf 80' lang='lat' dir='ltr'><strong>Romanos</strong></span> <span class='ocrx_word' id='word_1_342' title='bbox 509 3723 556 3775; x_wconf 83' lang='lat' dir='ltr'><strong>red</strong></span> <span class='ocrx_word' id='word_1_343' title='bbox 585 3739 618 3775; x_wconf 86' lang='lat' dir='ltr'><strong>ex</strong></span> <span class='ocrx_word' id='word_1_344' title='bbox 643 3725 785 3792; x_wconf 79' lang='lat' dir='ltr'><strong>peregrina</strong></span> <span class='ocrx_word' id='word_1_345' title='bbox 812 3733 840 3778; x_wconf 89' lang='lat' dir='ltr'><strong>et</strong></span> <span class='ocrx_word' id='word_1_346' title='bbox 866 3739 923 3776; x_wconf 89' lang='lat' dir='ltr'><strong>cum</strong></span> <span class='ocrx_word' id='word_1_347' title='bbox 950 3722 1068 3774; x_wconf 87' lang='lat' dir='ltr'><strong>barbaris</strong></span> <span class='ocrx_word' id='word_1_348' title='bbox 1094 3721 1369 3772; x_wconf 70' lang='lat' dir='ltr'><strong>miserescentem</strong></span> 
     </span>
     <span class='ocr_line' id='line_1_37' title="bbox 267 3792 1436 3862; baseline -0.001 -20"><span class='ocrx_word' id='word_1_349' title='bbox 267 3805 346 3859; x_wconf 88' lang='lat' dir='ltr'><strong>quum</strong></span> <span class='ocrx_word' id='word_1_350' title='bbox 367 3807 489 3862; x_wconf 78' lang='lat' dir='ltr'><strong>nequet</strong></span> <span class='ocrx_word' id='word_1_351' title='bbox 516 3795 582 3848; x_wconf 88' lang='lat' dir='ltr'><strong>mari</strong></span> <span class='ocrx_word' id='word_1_352' title='bbox 601 3810 689 3862; x_wconf 89' lang='lat' dir='ltr'><strong>neque</strong></span> <span class='ocrx_word' id='word_1_353' title='bbox 713 3796 902 3846; x_wconf 81' lang='lat' dir='ltr'><strong>necutioente</strong></span> <span class='ocrx_word' id='word_1_354' title='bbox 929 3793 978 3846; x_wconf 84' lang='lat' dir='ltr'><strong>filii</strong></span> <span class='ocrx_word' id='word_1_355' title='bbox 997 3801 1118 3860; x_wconf 83' lang='lat' dir='ltr'><strong>raptores</strong></span> <span class='ocrx_word' id='word_1_356' title='bbox 1148 3792 1243 3858; x_wconf 82' lang='lat' dir='ltr'><strong>punire</strong></span> <span class='ocrx_word' id='word_1_357' title='bbox 1263 3799 1370 3858; x_wconf 81' lang='lat' dir='ltr'><strong>posset,</strong></span> <span class='ocrx_word' id='word_1_358' title='bbox 1435 3819 1436 3826; x_wconf 28' lang='grc' dir='ltr'><strong><em>ο</em></strong></span> 
     </span>
     <span class='ocr_line' id='line_1_38' title="bbox 269 3862 1370 3934; baseline 0 -22"><span class='ocrx_word' id='word_1_359' title='bbox 269 3877 347 3913; x_wconf 90' lang='lat' dir='ltr'><strong>unum</strong></span> <span class='ocrx_word' id='word_1_360' title='bbox 367 3865 400 3915; x_wconf 88' lang='lat' dir='ltr'><strong>ad</strong></span> <span class='ocrx_word' id='word_1_361' title='bbox 417 3881 509 3934; x_wconf 77' lang='lat' dir='ltr'><strong>regem</strong></span> <span class='ocrx_word' id='word_1_362' title='bbox 528 3882 559 3920; x_wconf 86' lang='lat' dir='ltr'><strong>re</strong></span> <span class='ocrx_word' id='word_1_363' title='bbox 578 3867 721 3930; x_wconf 83' lang='lat' dir='ltr'><strong>convertit,</strong></span> <span class='ocrx_word' id='word_1_364' title='bbox 742 3875 769 3918; x_wconf 88' lang='lat' dir='ltr'><strong>et</strong></span> <span class='ocrx_word' id='word_1_365' title='bbox 784 3865 846 3918; x_wconf 86' lang='lat' dir='ltr'><strong>huic</strong></span> <span class='ocrx_word' id='word_1_366' title='bbox 863 3873 946 3918; x_wconf 90' lang='lat' dir='ltr'><strong>totum</strong></span> <span class='ocrx_word' id='word_1_367' title='bbox 965 3881 995 3916; x_wconf 88' lang='lat' dir='ltr'><strong>se</strong></span> <span class='ocrx_word' id='word_1_368' title='bbox 1015 3865 1153 3918; x_wconf 81' lang='lat' dir='ltr'><strong>exanimo</strong></span> <span class='ocrx_word' id='word_1_369' title='bbox 1174 3863 1233 3914; x_wconf 86' lang='lat' dir='ltr'><strong>iore</strong></span> <span class='ocrx_word' id='word_1_370' title='bbox 1253 3862 1370 3929; x_wconf 86' lang='lat' dir='ltr'><strong>pollici-</strong></span> 
     </span>
     <span class='ocr_line' id='line_1_39' title="bbox 268 3933 1369 4005; baseline -0.002 -19"><span class='ocrx_word' id='word_1_371' title='bbox 268 3941 312 3986; x_wconf 85' lang='lat' dir='ltr'><strong>tus</strong></span> <span class='ocrx_word' id='word_1_372' title='bbox 331 3940 372 3984; x_wconf 88' lang='lat' dir='ltr'><strong>cst</strong></span> <span class='ocrx_word' id='word_1_373' title='bbox 389 3938 500 3988; x_wconf 80' lang='lat' dir='ltr'><strong>ornicum</strong></span> <span class='ocrx_word' id='word_1_374' title='bbox 522 3945 550 3990; x_wconf 91' lang='lat' dir='ltr'><strong>ct</strong></span> <span class='ocrx_word' id='word_1_375' title='bbox 575 3952 667 3990; x_wconf 87' lang='lat' dir='ltr'><strong>verum</strong></span> <span class='ocrx_word' id='word_1_376' title='bbox 701 3945 728 3988; x_wconf 88' lang='lat' dir='ltr'><strong>et</strong></span> <span class='ocrx_word' id='word_1_377' title='bbox 746 3945 894 4005; x_wconf 84' lang='lat' dir='ltr'><strong>promptum</strong></span> <span class='ocrx_word' id='word_1_378' title='bbox 924 3935 1070 3988; x_wconf 87' lang='lat' dir='ltr'><strong>adiutorem</strong></span> <span class='ocrx_word' id='word_1_379' title='bbox 1098 3937 1126 3986; x_wconf 90' lang='lat' dir='ltr'><strong>in</strong></span> <span class='ocrx_word' id='word_1_380' title='bbox 1152 3933 1278 3986; x_wconf 86' lang='lat' dir='ltr'><strong>omnibus</strong></span> <span class='ocrx_word' id='word_1_381' title='bbox 1296 3949 1369 4002; x_wconf 78' lang='lat' dir='ltr'><strong>quae</strong></span> 
     </span>
     <span class='ocr_line' id='line_1_40' title="bbox 266 4005 1368 4075; baseline -0.003 -17"><span class='ocrx_word' id='word_1_382' title='bbox 266 4005 391 4069; x_wconf 84' lang='lat' dir='ltr'><strong>iuberet,</strong></span> <span class='ocrx_word' id='word_1_383' title='bbox 411 4021 494 4075; x_wconf 84' lang='lat' dir='ltr'><strong>seque</strong></span> <span class='ocrx_word' id='word_1_384' title='bbox 521 4009 648 4075; x_wconf 85' lang='lat' dir='ltr'><strong>pecunias</strong></span> <span class='ocrx_word' id='word_1_385' title='bbox 667 4009 834 4062; x_wconf 76' lang='lat' dir='ltr'><strong>necessarior</strong></span> <span class='ocrx_word' id='word_1_386' title='bbox 853 4009 912 4060; x_wconf 88' lang='lat' dir='ltr'><strong>sinc</strong></span> <span class='ocrx_word' id='word_1_387' title='bbox 932 4007 1025 4058; x_wconf 80' lang='lat' dir='ltr'><strong>fraude</strong></span> <span class='ocrx_word' id='word_1_388' title='bbox 1042 4005 1200 4068; x_wconf 83' lang='lat' dir='ltr'><strong>soluturum,</strong></span> <span class='ocrx_word' id='word_1_389' title='bbox 1220 4005 1331 4056; x_wconf 88' lang='lat' dir='ltr'><strong>modo</strong></span> <span class='ocrx_word' id='word_1_390' title='bbox 1323 4020 1368 4056; x_wconf 88' lang='lat' dir='ltr'><strong>rn-</strong></span> 
     </span>
     <span class='ocr_line' id='line_1_41' title="bbox 267 4041 1367 4147; baseline -0.002 -17"><span class='ocrx_word' id='word_1_391' title='bbox 267 4076 356 4130; x_wconf 86' lang='lat' dir='ltr'><strong>lclicia</strong></span> <span class='ocrx_word' id='word_1_392' title='bbox 376 4041 425 4129; x_wconf 85' lang='lat' dir='ltr'><strong>u’trt</strong></span> <span class='ocrx_word' id='word_1_393' title='bbox 443 4077 628 4133; x_wconf 83' lang='lat' dir='ltr'><strong>liberationem</strong></span> <span class='ocrx_word' id='word_1_394' title='bbox 647 4081 848 4132; x_wconf 81' lang='lat' dir='ltr'><strong>nancisceretur</strong></span> <span class='ocrx_word' id='word_1_395' title='bbox 864 4080 940 4147; x_wconf 88' lang='lat' dir='ltr'><strong>isque</strong></span> <span class='ocrx_word' id='word_1_396' title='bbox 959 4079 1010 4130; x_wconf 87' lang='lat' dir='ltr'><strong>ribi</strong></span> <span class='ocrx_word' id='word_1_397' title='bbox 1025 4093 1102 4146; x_wconf 76' lang='lat' dir='ltr'><strong>quam</strong></span> <span class='ocrx_word' id='word_1_398' title='bbox 1121 4075 1267 4128; x_wconf 85' lang='lat' dir='ltr'><strong>celerrime</strong></span> <span class='ocrx_word' id='word_1_399' title='bbox 1286 4077 1367 4128; x_wconf 78' lang='lat' dir='ltr'><strong>rivus</strong></span> 
     </span>
     <span class='ocr_line' id='line_1_42' title="bbox 266 4147 1436 4218; baseline -0.003 -16"><span class='ocrx_word' id='word_1_400' title='bbox 266 4149 433 4202; x_wconf 85' lang='lat' dir='ltr'><strong>redderetur.</strong></span> <span class='ocrx_word' id='word_1_401' title='bbox 470 4163 562 4202; x_wconf 82' lang='lat' dir='ltr'><strong>verum</strong></span> <span class='ocrx_word' id='word_1_402' title='bbox 584 4165 617 4202; x_wconf 89' lang='lat' dir='ltr'><strong>eo</strong></span> <span class='ocrx_word' id='word_1_403' title='bbox 637 4153 834 4218; x_wconf 84' lang='lat' dir='ltr'><strong>ipsotemporc</strong></span> <span class='ocrx_word' id='word_1_404' title='bbox 863 4165 941 4218; x_wconf 89' lang='lat' dir='ltr'><strong>quum</strong></span> <span class='ocrx_word' id='word_1_405' title='bbox 960 4150 1027 4202; x_wconf 86' lang='lat' dir='ltr'><strong>nihil</strong></span> <span class='ocrx_word' id='word_1_406' title='bbox 1057 4153 1084 4202; x_wconf 92' lang='lat' dir='ltr'><strong>in</strong></span> <span class='ocrx_word' id='word_1_407' title='bbox 1103 4165 1133 4200; x_wconf 91' lang='lat' dir='ltr'><strong>rc</strong></span> <span class='ocrx_word' id='word_1_408' title='bbox 1154 4147 1202 4199; x_wconf 85' lang='lat' dir='ltr'><strong>illa</strong></span> <span class='ocrx_word' id='word_1_409' title='bbox 1221 4149 1274 4200; x_wconf 83' lang='lat' dir='ltr'><strong>iam</strong></span> <span class='ocrx_word' id='word_1_410' title='bbox 1296 4163 1367 4200; x_wconf 81' lang='lat' dir='ltr'><strong>cve·</strong></span> <span class='ocrx_word' id='word_1_411' title='bbox 1435 4155 1436 4178; x_wconf 74' lang='lat'>³</span> 
     </span>
     <span class='ocr_line' id='line_1_43' title="bbox 265 4218 1365 4290; baseline 0.001 -20"><span class='ocrx_word' id='word_1_412' title='bbox 265 4219 361 4286; x_wconf 80' lang='lat' dir='ltr'><strong>nisset,</strong></span> <span class='ocrx_word' id='word_1_413' title='bbox 380 4221 477 4274; x_wconf 87' lang='lat' dir='ltr'><strong>accidit</strong></span> <span class='ocrx_word' id='word_1_414' title='bbox 495 4227 524 4274; x_wconf 89' lang='lat' dir='ltr'><strong>ut</strong></span> <span class='ocrx_word' id='word_1_415' title='bbox 542 4220 658 4288; x_wconf 71' lang='lat' dir='ltr'><strong>Hyrcani</strong></span> <span class='ocrx_word' id='word_1_416' title='bbox 680 4223 751 4282; x_wconf 78' lang='lat' dir='ltr'><strong>filius</strong></span> <span class='ocrx_word' id='word_1_417' title='bbox 769 4229 832 4278; x_wconf 82' lang='lat' dir='ltr'><strong>natu</strong></span> <span class='ocrx_word' id='word_1_418' title='bbox 855 4222 939 4278; x_wconf 85' lang='lat' dir='ltr'><strong>maior</strong></span> <span class='ocrx_word' id='word_1_419' title='bbox 958 4222 1110 4288; x_wconf 83' lang='lat' dir='ltr'><strong>moriretur,</strong></span> <span class='ocrx_word' id='word_1_420' title='bbox 1128 4233 1208 4290; x_wconf 86' lang='lat' dir='ltr'><strong>quem</strong></span> <span class='ocrx_word' id='word_1_421' title='bbox 1227 4218 1280 4272; x_wconf 87' lang='lat' dir='ltr'><strong>ille</strong></span> <span class='ocrx_word' id='word_1_422' title='bbox 1300 4234 1365 4272; x_wconf 84' lang='lat' dir='ltr'><strong>snc-</strong></span> 
     </span>
    </p>
   </div>
   <div class='ocr_carea' id='block_1_8' title="bbox 0 0 1454 4790">
    <p class='ocr_par' dir='ltr' id='par_1_11' title="bbox 0 0 1454 4790">
     <span class='ocr_line' id='line_1_44' title="bbox 0 0 1454 4790; baseline 0 4"><span class='ocrx_word' id='word_1_423' title='bbox 0 0 1454 4790; x_wconf 95' lang='lat' dir='ltr'><strong> </strong></span> 
     </span>
    </p>
   </div>
  </div>
 </body>
</html>
