2872 4780
180 306 406 379 nisaonnn
439 311 700 424 anzlmmsa
728 315 836 382 xxva.
867 301 935 384 30.
953 301 1021 385 at.
1112 297 1161 382 oi

60 476 136 558 έστιγ
159 473 236 556 ἧμῦν
256 476 359 540 issara
380 473 533 542 παθεῖνῦ
554 480 635 563 μηδὲ
657 485 722 553 τοῖς
738 477 865 562 σφόδρα
881 476 1091 564 ἀνδροφόνοις
1108 477 1163 542 διὰ

56 573 131 653 βίον
153 577 345 640 πεπονθέναι
368 580 603 664 ξνμπέπτωιιεν.
661 578 717 664 ἀφ’
740 569 777 640 οῦ
795 580 824 641 d’
858 575 1013 664 ῦμόφρων
1034 581 1163 664 γεγένη-
1224 619 1225 624 1

55 699 119 753 μαι
141 677 304 762 statana,
326 676 381 740 κατ’
399 677 551 757 βασιλεὺς
571 672 671 753 εῦθῦς
693 676 899 763 κεκράτηκα.”
947 675 968 761 ἢ
988 680 1015 743 δ’
1036 674 1161 742 ῦπολα-

52 777 162 854 βοῦσα
192 776 293 840 τοιοίδ’
330 779 508 862 ἀντέφησεν
540 771 647 854 αῦθις.
697 773 783 860 “tyni
814 779 870 842 δέ’
899 803 997 864 φησιν
1021 776 1078 843 “da
1096 783 1161 846 τ’ῦν

29 875 222 960 δῆμετέρων
244 879 299 942 aas*
318 881 528 961 ἀνθρωπίνων
545 873 670 963 βραχέα
694 903 744 945 σοι
771 885 959 966 φθέγξομαι.

129 989 132 1003 ’
159 979 239 1041 Εἰπὲ
259 979 321 1060 γάρ
344 991 422 1062 sasso·v
440 979 474 1045 εἴ
491 1005 537 1056 τις
566 982 628 1044 τῶν
652 980 811 1063 ἡμετέρων
831 975 955 1046 dodica
976 985 1217 1060 duntiaiaocu

52 1079 158 1143 εἰπεῖν
180 1071 202 1159 ἢ
221 1081 284 1143 τιῦν
307 1071 411 1154 ἄλλως
431 1078 568 1161 ἑχόντων
589 1080 664 1162 ἡμῖν
687 1079 856 1164 κτημάτων
876 1073 946 1156 ἓνὸς
977 1081 1161 1147 οὑτινοσοῦν

51 1175 244 1262 έπιμελητῆς
255 1179 312 1264 ῦφ’
325 1179 414 1262 ἧμοῦν
426 1182 593 1262 καταστάς,
606 1178 716 1244 ἔπειτα
732 1181 789 1264 τῆν
800 1185 859 1262 μὲν
872 1184 1056 1248 δεσποτείαν
1070 1182 1161 1267 ἡμῶν

52 1281 213 1367 ἀφῃρεῖτο
234 1281 436 1364 περιφανῶς,
460 1282 725 1366 πολλοστημόριον
754 1285 790 1346 dl
809 1285 869 1347 τῦν
899 1285 1021 1348 ἐκεῖθεν
1044 1289 1160 1366 παρεί-

11 1387 131 1462 1οχετο
167 1383 275 1465 φέρων
306 1377 380 1464 ἡμῖν
407 1387 554 1467 ιιαρποῖν,
586 1382 624 1445 οῦ
646 1382 767 1464 μᾶλλόν
798 1387 829 1466 γ’
850 1374 890 1448 ἀν
917 1383 1160 1469 έμεμισὴιιειμεν

49 1477 216 1565 ἐκεῖισνῆ
243 1483 476 1568 ἤγαπήκειμενς
508 1486 592 1549 τοῦτ’
625 1481 701 1549 adad
735 1487 875 1565 νομιζειν
906 1483 1011 1550 ἔπεισέ
1029 1511 1083 1567 μοι
1105 1488 1160 1550 καί

49 1587 74 1622 ”
97 1588 180 1664 περί
195 1607 230 1666 γε
252 1589 309 1648 τοῦ
332 1587 439 1666 ’μόνον
470 1589 560 1649 θεοῦ.
609 1584 715 1668 εέγάρ
744 1587 883 1651 πλοῦτον
913 1585 968 1650 καί
990 1585 1081 1672 δόξης
1103 1595 1297 1655 sss-tuso.
1367 1669 1370 1676 Δ

48 1685 173 1770 σαῦτιγς
194 1685 286 1768 ἧμεῖς
308 1687 520 1763 ἀπολαύοντες
541 1684 620 1769 πρὸς
642 1689 731 1768 θεοῦ,
762 1685 870 1752 ἔπειτα
900 1685 956 1771 τήν
980 1687 1080 1754 αάτσῦ
1104 1691 1158 1752 da-

48 1789 207 1849 onoass'oo
239 1788 414 1852 πολοθεΐαν
436 1783 558 1864 ἑκόντες
580 1781 600 1871 ἦ
620 1813 681 1852 τινι
712 1789 773 1852 τῶν
796 1785 942 1852 ἁπάντων
965 1784 1055 1875 ἓτέρρι
1079 1791 1159 1871 παρ’

7 1885 157 1951 tansitis
178 1887 336 1974 ἐνεργείᾳ,
357 1888 566 1969 ἑξενγιενιζειν
589 1892 706 1953 ἐκεῖνον
734 1891 916 1970 νομίζοιμεν
941 1889 1159 1970 πολλοστημό-

47 2011 123 2069 ριον
141 1987 317 2070 χρημάτων
347 1992 411 2052 τοῖν
441 1982 544 2053 αῦτοῦ
571 1988 781 2072 προσάγοντες
810 1987 908 2076 αῦιρῦ,
936 1993 1052 2053 θᾶττον
1072 1991 1157 2070 μέντ’

46 2083 90 2152 ἀν
113 2083 283 2170 μισήσειεν
304 2082 326 2171 ἢ
346 2087 540 2173 ἀγαπήσειεν
562 2089 657 2172 ἡμᾶς,
682 2084 732 2152 ὅτι
756 2087 789 2154 τὸ
812 2093 922 2170 μεῖζον
944 2091 1157 2175 ἀφαιροῦντες

45 2184 228 2254 τοῦλαττον
251 2189 448 2272 παρέχομεν,
470 2181 632 2273 ἢμῦλλον
659 2188 693 2254 τὸ
716 2194 776 2254 πᾶν
798 2192 1010 2276 ἀφαιροῦντες
1032 2188 1067 2255 τέ
1091 2215 1156 2276 μιγ-

45 2293 104 2366 dds
128 2293 320 2372 παρέχομεν.
364 2288 412 2376 εἴη
436 2293 464 2353 θ’
485 2285 523 2355 νῦν
545 2293 604 2356 stix
627 2295 689 2356 τοῦν
710 2291 870 2377 ἡμετέρων
893 2289 938 2357 ἔτι
959 2293 1155 2374 πραγμάτων

3 2393 265 2474 Ξθέναργέοτερα
293 2390 332 2456 dd
361 2389 524 2474 λεγόμενα.
577 2387 672 2458 οἶσθα
704 2391 764 2476 γάρ
801 2394 845 2468 ιῦς
868 2391 941 2476 πρὶν
962 2387 983 2475 ἢ
1006 2399 1074 2468 ταῖς
1096 2393 1154 2456 τοῦ

43 2493 200 2567 Παλαμῦ
221 2496 437 2577 προστεθῆναι
462 2495 685 2578 καινοφωνιάις
707 2493 808 2577 ἡμᾶς,
830 2493 957 2578 σφόδρα
987 2516 1020 2576 γε
1043 2495 1076 2568 έξ
1097 2492 1153 2554 oo'·

43 2595 122 2674 ριάς
144 2590 222 2677 ἡμῖν
243 2589 281 2656 wi
304 2595 359 2678 τῆς
379 2594 586 2676 εῦῦαιμονίας
614 2591 712 2682 ἔπλει,
733 2599 789 2660 κατ’
807 2595 903 2660 οὐδὲν
924 2593 1070 2660 ἀντέπνει
1090 2595 1153 2658 τῶν

124 2771 167 2826 lt.
188 2772 329 2846 πολοθεΐφ
348 2772 445 2834 δόντες
464 2773 479 2841 ἦ
489 2773 504 2825 ⁴?
604 2853 606 2862 Ι
715 2835 719 2842 .

42 2919 87 2974 bis
108 2919 178 2972 illas
206 2918 364 2988 largitiones
384 2920 548 2988 attulerunt,
579 2919 625 2975 sod
646 2921 734 2974 ventis
753 2919 874 2974 videmur
898 2919 987 2972 omnia
1008 2917 1152 2986 effeciss03

45 2993 219 3045 calamitates
237 2994 307 3044 enlm
326 2995 354 3044 ln
372 3009 422 3046 uos
441 2995 608 3062 ingruerunt,
629 2993 722 3061 quales
740 3009 775 3044 ne
786 2993 954 3044 audacissimi
974 2991 1077 3060 quidem
1097 2991 1150 3043 ho.

42 3065 164 3116 micidae
195 3065 224 3115 iu
256 3065 311 3116 vita
337 3067 530 3131 perpessiauut.
578 3080 611 3115 ex
639 3081 693 3115 uuo
712 3073 799 3116 autem
820 3071 940 3131 tempora
968 3078 1026 3114 cum
1044 3061 1151 3115 Palatua

45 3137 115 3200 leci,
137 3151 172 3187 ex
193 3151 226 3187 eo
247 3137 335 3187 statim
355 3136 522 3204 imperatoris
544 3136 689 3202 potentiam
707 3143 800 3188 nactus
819 3141 902 3188 suanit

147 3231 200 3284 llln
220 3239 308 3283 autem
328 3234 475 3284 orationem
494 3232 631 3298 excipiens
644 3231 711 3283 hacc
730 3233 786 3284 icae
804 3231 956 3298 respondit:
977 3245 1045 3299 „ego
1064 3243 1150 3298 pauca

42 3303 180 3374 quaedam
200 3319 233 3354 cx
251 3304 349 3354 nostris
379 3303 552 3370 humanisque
577 3302 656 3356 rebus
680 3317 842 3370 proponsm3
867 3303 910 3354 dic
935 3302 1003 3353 enim
1022 3302 1107 3366 mihi,
1127 3302 1150 3354 si

42 3378 107 3444 quia
128 3383 281 3435 nostrorum
301 3389 438 3427 servorum
466 3375 541 3427 vorbi
562 3389 641 3426 causa
662 3373 827 3427 vlneao'vcl
853 3373 900 3424 alii
920 3373 1022 3424 cuidam
1041 3382 1149 3424 nostra.

41 3463 103 3498 rum
124 3447 326 3513 posscssionum
354 3461 369 3498 a
394 3445 472 3497 nohis
498 3446 669 3512 praelectus,
695 3445 875 3496 dominatione
899 3444 976 3496 nobis
1008 3443 1148 3496 manifesto

42 3527 151 3585 erepta,
171 3517 309 3585 parvulam
330 3519 457 3586 quandam
485 3526 585 3584 partem
614 3517 717 3584 frugum
746 3517 807 3566 inde
833 3523 952 3567 natarum
971 3515 1048 3566 nobis
1067 3529 1149 3581 prae.

39 3590 132 3653 beret,
151 3603 241 3640 nonae
255 3589 338 3640 maius
358 3590 384 3640 in
400 3602 459 3640 eum
471 3590 560 3640 odium
578 3589 790 3654 conciperemus,
809 3601 885 3654 quam
899 3592 978 3636 antea
990 3600 1048 3636 eum
1060 3597 1148 3635 amas-

40 3659 158 3712 semus?
197 3659 248 3710 hoc
267 3659 336 3710 idem
365 3661 443 3711 eiiam
468 3661 501 3711 de
528 3659 607 3710 unico
626 3660 676 3710 deo
699 3665 815 3710 statuere
834 3655 897 3706 mihi
917 3658 944 3706 in
962 3663 1075 3706 mentem
1096 3669 1148 3705 ve..

40 3734 100 3796 nit;
122 3733 145 3782 si
168 3732 238 3781 euim
258 3745 307 3782 uos
325 3745 341 3781 a
360 3731 410 3782 deo
432 3733 511 3782 tantis
536 3731 638 3782 divitiis
658 3737 783 3796 tantaque
802 3725 890 3796 gloria
909 3727 1005 3792 ornati,
1024 3726 1150 3779 domina..

40 3805 119 3854 tione
142 3803 201 3854 eius
216 3800 305 3852 multis
325 3802 509 3854 divinitatibus
524 3809 569 3852 aut
589 3800 635 3852 alii
654 3801 756 3851 cuidam
780 3799 930 3866 operationi
949 3797 981 3848 ab
1001 3811 1034 3848 co
1053 3798 1147 3850 diver-

41 3889 91 3926 sae
111 3873 185 3924 ultro
205 3874 344 3940 permissa,
365 3872 477 3939 parvula
497 3873 606 3941 quadam
625 3880 700 3939 parts
720 3885 797 3937 opum
819 3869 970 3936 praebenda
987 3868 1065 3920 nobis
1087 3883 1147 3920 cum

39 3944 198 3996 conciliare
217 3943 377 4011 putabimus,
398 3942 514 3994 celerius
533 3959 596 3995 saue
627 3957 675 3993 nos
707 3943 769 3993 odio
792 3955 868 4009 quam
887 3953 976 3994 amora
997 3955 1147 4008 perseque-

40 4025 86 4066 tur
116 4021 263 4082 propterea
289 4015 358 4082 quod
383 4013 445 4081 plus
470 4015 495 4065 ei
520 4015 694 4082 derogamus,
720 4027 796 4080 quam
816 4011 971 4064 exhibemus
995 4017 1041 4064 aut
1059 4012 1155 4078 potius¹

40 4088 115 4156 qnod
136 4085 261 4137 omnibus
276 4085 356 4136 rebus
377 4086 401 4136 ei
422 4085 577 4137 defraudato
605 4083 857 4150 nihilspraeltemus.
908 4080 989 4134 facile
1008 4089 1095 4134 autem
1115 4093 1149 4140 ex

37 4168 196 4210 nostrarum
215 4171 305 4209 aarum
325 4157 492 4220 conditione,
511 4156 582 4225 quod
600 4155 678 4206 modo
692 4153 757 4218 dixi,
778 4153 875 4207 clarius
897 4155 956 4205 erit.
996 4155 1049 4206 sois
1068 4152 1147 4214 enim,

38 4237 188 4300 autequam
206 4225 331 4282 l’alamao
347 4241 420 4281 nova
443 4235 592 4280 commenta
610 4224 836 4294 amplexaremur,
855 4225 956 4277 summa
976 4239 1036 4276 cam
1055 4220 1148 4274 felici·
1247 4237 1249 4240 ·

141 4325 309 4400 Νέεογέιοινι
327 4325 438 4398 (issaar.
463 4321 517 4382 Vol.
537 4323 593 4379 lll.
938 4319 954 4374 7
